3792 5609
890 734 950 797 105

824 818 866 829 ..-

342 919 571 1004 thaginiensium
580 908 687 999 ”itii
703 912 735 986 δ’
750 911 791 986 ὃν
804 912 1006 1011 εἰσφέρωσιν
1020 902 1114 987 οὗτοι
1129 912 1178 1001 (οἰ
1193 918 1346 1005 βασιλεῖς
1359 920 1389 985 h.
1405 934 1431 985 e.
1446 923 1505 986 Su·

341 1027 425 1102 letes)
442 1014 480 1089 oc'·
495 1020 672 1090 διακοῖσαι
691 1018 794 1108 μόνον
808 1017 1021 1093 ἀποδιδόασι
1039 1029 1090 1115 aqi
1104 1020 1202 1114 (λη’μηι
1215 1020 1259 1088 cri
1274 1020 1419 1105 δόξαντα
1433 1027 1506 1103 τοῖς

196 1201 197 1218 η
339 1118 510 1216 ἄρχουσιν,
531 1121 616 1193 ἀλλὰ
626 1124 741 1217 κίρκοι
755 1122 792 1209 (c‘
808 1126 930 1218 δῆμος)
944 1124 1067 1219 κρίνειν
1081 1124 1161 1209 εἰσὶ,
1177 1125 1235 1194 καί
1249 1126 1300 1216 aqi
1313 1126 1504 1216 βοελομένῳ

195 1260 197 1284 ι
327 1227 412 1311 ’τοῖς
430 1225 681 1322 εἰσφερομένοις
700 1227 870 1299 ἀπειπεῖν
888 1228 1028 1315 ἔξεστιν,
1049 1228 1133 1321 ὅπερ
1152 1226 1188 1299 ἰν
1205 1235 1281 1311 ταῖς
1299 1224 1431 1317 ίτέραις
1445 1230 1504 1320 (τῇ

338 1358 376 1402 τε
394 1338 534 1425 Κρητῶν
552 1333 612 1403 καί
629 1341 672 1427 τῇ
685 1333 981 1422 Λακεδαιμονίων)
1002 1332 1061 1405 οἰκ
1076 1330 1163 1416 ἔστι,
1179 1338 1228 1402 lric
1242 1340 1326 1402 loeus
1340 1338 1414 1401 nihil
1429 1358 1501 1421 pro·

339 1442 411 1506 bare
428 1442 661 1525 poscendum,
680 1444 826 1526 siquidem
846 1444 914 1509 'dlud
931 1436 1015 1529 ὅπερ
1028 1434 1088 1508 cais
1104 1432 1178 1507 ἔστι
1195 1444 1231 1507 ad
1246 1463 1281 1507 ea
1297 1443 1503 1507 tantummodo

339 1546 495 1629 pertinere,
509 1567 585 1630 qnae
600 1549 734 1631 proxime
744 1548 932 1630 praecautum,
945 1544 994 1633 τηῖ
1005 1540 1197 1633 βουλομένῳ
1207 1536 1377 1611 ἀπειπεῖν
1385 1537 1503 1633 ἔξεστι,

339 1650 470 1733 primum
479 1652 526 1714 aet
539 1652 730 1733 grammatica
744 1652 821 1715 ratio
836 1652 965 1715 suaserit
980 1654 1062 1729 (nam
1074 1650 1148 1713 siad
1160 1660 1327 1732 utrumque,
1339 1642 1503 1735 statuisses
1519 1662 1553 1714 tu

339 1764 370 1817 et
383 1745 564 1833 ἀπειπεῖν,
584 1755 729 1837 pertinere
746 1754 919 1817 Aristoteles
932 1753 1033 1825 coluit,
1053 1752 1154 1835 quidni
1176 1746 1263 1837 ίίπερ
1278 1762 1328 1817 aut
1347 1738 1394 1817 ὧν
1406 1744 1503 1819 οἰδέ·

339 1876 434 1940 τερον
448 1855 555 1935 distat)
571 1857 678 1921 deinde
690 1857 779 1922 otiam
794 1877 842 1921 res
858 1857 931 1938 ipsa.
969 1855 1044 1920 Natu
1060 1856 1191 1919 interdici
1207 1858 1329 1939 populo,
1343 1874 1381 1919 uo
1397 1856 1504 1920 iudicet

339 1958 376 2022 de
395 1957 542 2022 rebusad
563 1978 596 2021 se
613 1960 681 2022 latis
699 1978 809 2041 easque
827 1969 879 2023 aut
896 1958 1003 2040 probet
1026 1970 1077 2023 aut
1097 1960 1257 2043 improbet.
1282 1960 1433 2042 iuberique
1452 1978 1502 2022 eas

339 2062 441 2143 utique
459 2061 601 2143 probare,
620 2062 650 2125 id
668 2062 757 2125 nobis
772 2062 891 2145 quidem
906 2061 995 2125 ninus
1011 2062 1179 2125 incredibile
1195 2062 1322 2125 uidetur:
1343 2070 1372 2123 et
1386 2062 1502 2125 Plutar-

339 2164 414 2227 chus
433 2182 553 2247 quoque
571 2165 602 2228 in
621 2166 923 2229 Lacedaemoniorum
943 2166 1071 2227 comitiis
1091 2166 1233 2247 populum
1252 2164 1313 2228 σοιῖ
1332 2158 1502 2249 ἐπικρῖναι

339 2260 453 2351 κόριον
467 2267 560 2331 luisse
575 2271 770 2348 testatur³⁴).
811 2269 884 2333 illud
904 2276 1001 2333 autem
1018 2262 1132 2353 κέρεος
1144 2263 1205 2331 τοῦ
1218 2258 1501 2353 σννεπιηηφίσαι,

340 2369 437 2453 paullo
453 2372 580 2436 tortasse
594 2382 717 2455 propter
729 2371 899 2436 breuitatem
914 2371 1072 2435 obscurius
1086 2371 1209 2446 dictum,
1228 2390 1289 2453 quo
1305 2390 1395 2435 sensu
1411 2372 1501 2455 accipi

339 2474 457 2548 «tabeat,
478 2474 543 2557 ipse
560 2475 732 2539 Aristotcles
751 2476 895 2558 explicare
909 2484 1020 2557 potest,
1039 2494 1131 2557 quum
1151 2474 1208 2537 alio
1228 2474 1358 2557 quodam
1375 2475 1502 2549 locu³³l
1631 2534 1633 2539 .

339 2576 514 2659 aligarchiao
532 2579 688 2661 proprium
708 2598 775 2642 esse
793 2578 872 2642 dieat
891 2568 914 2663 ἢ
930 2569 1037 2642 sedeci
1052 2570 1272 2665 ψηφίζεσθαι
1286 2572 1346 2643 τὸν
1360 2566 1503 2663 dinoci)

337 2676 443 2767 μηδὲν
458 2674 605 2745 ἐναντίον
617 2681 689 2759 τοῖς
704 2672 963 2770 εἰσφερομένοις,
978 2679 1007 2744 la.
1019 2702 1045 2745 e.
1062 2692 1095 2745 ut
1108 2681 1238 2764 populus
1254 2690 1304 2744 aut
1315 2681 1384 2745 iliud
1396 2681 1504 2764 ipsum,

340 2784 421 2866 quod
435 2793 557 2865 rogatus
571 2786 619 2861 sit
634 2795 685 2849 aut
698 2786 810 2850 nullam
824 2795 903 2849 certe
917 2784 1097 2849 contradam
1112 2786 1204 2867 legem
1220 2784 1325 2861 iubeat,
1339 2784 1369 2848 in
1384 2804 1444 2867 quo
1457 2785 1503 2847 ia·

190 2891 191 2942 l
284 2959 288 2968 .
316 2897 382 2950 «est
405 2888 486 2951 liaud
511 2887 614 2963 (lubic,
635 2898 668 2952 ut
691 2889 762 2953 illud
784 2889 873 2953 etiam
895 2906 957 2951 non
984 2888 1098 2962 iubere.
1117 2889 1147 2952 la.
1164 2908 1190 2951 e,
1212 2888 1367 2970 antiquare
1385 2898 1414 2953 et
1432 2888 1504 2953 nihil

336 3010 462 3073 promus
478 2990 606 3056 sciscere
619 2992 712 3057 liceat
732 3028 777 3040 -
795 2992 987 3057 limantem
1003 3012 1088 3056 emor
1102 2992 1150 3056 laic
1164 3002 1218 3068 est,
1235 2991 1315 3074 quod
1332 2992 1407 3055 adeo
1423 3012 1503 3056 sem·

337 3114 389 3177 per
401 3095 529 3158 obnoxia
543 3106 666 3159 senatus
681 3096 848 3161 auctoritati
862 3097 982 3161 comitia
1001 3096 1094 3161 luisse
1108 3096 1183 3171 cult,
1200 3106 1232 3159 ut
1245 3095 1332 3170 nihil,
1351 3094 1407 3158 nisi
1423 3096 1502 3178 quod

336 3218 352 3261 ε
368 3207 473 3262 senatu
488 3200 640 3263 decretum
651 3210 738 3277 esset
752 3200 850 3283 rogari
865 3200 996 3283 populus
1007 3200 1145 3284 potuerit
1175 3199 1253 3275 Quid
1265 3196 1376 3281 igitur?
1391 3198 1416 3261 si
1432 3198 1502 3261 nihil

336 3302 410 3365 certi
424 3311 545 3366 senatus
561 3303 625 3385 ipso
640 3302 839 3367 decrevisset?
855 3303 880 3367 si
896 3314 1018 3387 propter
1031 3302 1238 3367 dissentientes
1249 3311 1420 3364 senatorum
1433 3320 1502 3363 sen·

337 3404 441 3469 tentiae
457 3407 607 3471 decretum
622 3408 728 3471 casadei
743 3426 806 3471 non
819 3404 992 3489 potuisset?
1011 3406 1122 3469 nihilne
1138 3415 1208 3467 tunc
1222 3404 1258 3466 ad
1274 3404 1416 3485 populum
1433 3403 1500 3466 terri

334 3504 430 3582 licuit,
450 3510 503 3573 sed
518 3510 734 3592 expectandum
749 3510 818 3585 luit,
839 3510 912 3573 dum
931 3508 1002 3592 quid
1024 3510 1099 3571 inter
1118 3516 1271 3571 senatores
1290 3504 1501 3569 convenisset?

335 3611 424 3694 Atqui
439 3612 618 3677 Plutarchus
637 3622 716 3675 certe
737 3614 767 3676 in
782 3620 954 3676 senatorum
969 3610 1156 3673 dissensione
1169 3628 1232 3672 rem
1247 3607 1283 3672 ad
1299 3610 1443 3691 populum
1458 3609 1501 3672 la·

335 3724 396 3777 tam
415 3735 481 3780 esse
500 3724 614 3780 narrat:
634 3716 700 3780 ταῖν
713 3708 874 3801 γερόντων
887 3704 936 3791 εἰς
948 3702 1051 3777 sudati
1071 3711 1145 3788 ταῖς
1159 3702 1306 3794 γνιίμαις
1320 3700 1359 3775 οὐ
1373 3729 1502 3799 συμφε-

335 3810 490 3900 ρομένων,
507 3809 685 3905 ἐκκλησίαν
697 3806 919 3901 σνναβαγιίνιῖ
934 3808 1135 3901 Λίσανδρος
1146 3806 1307 3901 διελέχθη
1319 3814 1391 3892 τοῖς
1402 3806 1501 3879 πολί-

335 3923 482 3997 ταιςῡῡ).
520 3920 729 4003 Numquamne
743 3920 832 3984 etiam
847 3920 964 3985 senatui
979 3920 1092 3984 licuerit
1106 3919 1179 3983 alias
1194 3919 1233 3983 ub
1248 3937 1355 3983 causas
1374 3938 1439 3983 rem
1454 3919 1501 3983 in·

335 4028 447 4103 tegrana
473 4024 586 4105 populo
609 4022 793 4106 perusium,
819 4017 854 4086 ut
876 4022 942 4105 ipse
965 4022 1038 4087 nihil
1058 4020 1135 4085 aliud
1156 4022 1341 4098 decerneret,
1366 4020 1425 4086 nisi
1443 4023 1502 4087 lace

335 4142 441 4199 unum,
454 4145 519 4190 rem
534 4128 571 4191 ad
583 4126 728 4209 populum
743 4125 893 4189 terendam
904 4124 1006 4189 videri
1038 4124 1249 4207 Numquamne
1259 4125 1387 4209 denique
1397 4126 1502 4209 ephori

335 4226 365 4291 id
378 4228 537 4304 etreouint,
552 4238 585 4293 ut
599 4229 711 4313 integra
722 4248 771 4293 res
781 4228 894 4313 populo
904 4238 993 4301 esset,
1008 4226 1250 4312 quandoquidem
1262 4228 1319 4313 ipsi
1333 4229 1413 4312 apud
1424 4230 1504 4294 hune

386 4506 430 4573 tt)
452 4507 529 4561 Petit.
541 4506 572 4575 ll,
584 4508 610 4577 8,
622 4508 647 4562 ³.

386 4592 431 4659 5⁴)
452 4593 505 4647 Vtt
517 4594 629 4664 Lycone.
641 4612 664 4647 a
673 4594 701 4648 d.

387 4676 431 4742 tt)
455 4677 532 4730 rorte
544 4677 588 4745 iv,
603 4677 644 4746 tr,
655 4679 681 4732 t.

388 4760 431 4830 tq
452 4760 507 4816 vlt.
518 4762 595 4831 nell.
606 4776 629 4817 a
640 4764 666 4817 9.
