3792 5609
847 872 1045 970 2⁷0.-.

367 1060 463 1124 latin
481 1079 550 1122 esse
569 1067 698 1133 constet,
717 1059 790 1122 satis
805 1061 997 1126 manifestum
1013 1081 1081 1124 esse
1095 1062 1262 1138 contendit,
1281 1061 1318 1125 de
1332 1061 1448 1124 iudiciis
1463 1061 1529 1124 dri-

367 1163 559 1244 stoplrancnr,
576 1180 669 1242 quuur
690 1161 761 1225 illud
780 1182 946 1246 cognomen
967 1165 1079 1248 populo
1100 1164 1280 1246 inponeret,
1300 1165 1428 1246 cogitare
1450 1166 1530 1229 nullo

366 1264 459 1328 ιιιοιΙο
480 1262 626 1345 potuisso.
659 1263 751 1340 Quasi
767 1285 837 1329 roro
855 1286 918 1331 nou
937 1268 1024 1332 etiam
1046 1267 1222 1332 iudiciorum
1239 1277 1269 1332 et
1284 1267 1430 1331 iudieaudi
1446 1269 1530 1350 eupi-

366 1367 466 1430 ditatis
485 1368 612 1448 plurima
631 1367 672 1430 sit
691 1368 720 1431 iu
742 1370 892 1450 equitibus
912 1373 1040 1447 mentio,
1059 1380 1111 1436 aut
1128 1371 1260 1453 potuerit
1278 1369 1410 1456 Δῆμος,
1431 1371 1457 1434 si
1478 1391 1531 1432 eo-

309 1483 342 1536 tt
368 1489 499 1551 gnorare-u
513 1479 653 1551 tanquam
669 1491 686 1533 a
700 1489 778 1554 pago
793 1475 964 1554 tingentem
980 1485 1072 1548 osset,
1094 1473 1283 1537 commodius
1298 1493 1388 1556 spuatur
1404 1495 1420 1536 a
1436 1477 1532 1556 l’npce

367 1575 587 1657 cognominari,
613 1585 665 1640 aut
683 1577 810 1660 ulcerique
830 1579 958 1660 aliquem
979 1578 1112 1642 lrrlraruur
1131 1596 1220 1640 usum
1240 1577 1271 1640 in
1291 1577 1419 1640 comitiis
1439 1577 1531 1640 luisse

367 1680 428 1742 ullo
443 1678 487 1741 rel
502 1678 678 1743 tenuissimo
694 1680 802 1745 iudicio
817 1681 938 1764 proliari
954 1682 1059 1764 possit.
1089 1682 1213 1745 Constat
1226 1680 1310 1743 labus
1326 1679 1356 1742 iu
1372 1679 1532 1743 sortiendis

367 1782 556 1846 senatoribus
570 1791 600 1845 et
614 1783 727 1865 aliquot
741 1784 961 1864 magistratibus
976 1793 1136 1867 usurpatas
1151 1802 1231 1846 esse:
1247 1783 1298 1846 sed
1315 1792 1449 1846 neutram
1465 1801 1532 1844 sor·

369 1884 506 1949 titionem
526 1888 556 1949 in
573 1886 701 1950 ccrrrritiis
716 1897 864 1970 peracmru
880 1909 947 1950 esse
963 1889 1086 1951 selanus.
1121 1889 1215 1951 l'orro
1231 1906 1323 1970 quum
1340 1881 1536 1968 κυαμοτρὼξ

369 2009 440 2052 euru
456 1989 615 2070 significet,
633 1992 684 2072 qui
699 1993 773 2054 larlds
788 1991 891 2066 alatur,
906 1992 957 2074 qui
973 1991 1144 2054 conueniret
1157 1990 1195 2054 ita
1211 1991 1270 2054 lroo
1284 2009 1393 2054 rronren
1410 1991 1532 2072 popmlo,

369 2093 407 2155 ad
428 2112 516 2174 quem
531 2096 665 2176 prolecto
679 2093 751 2157 nilril
766 2114 802 2156 ex
817 2094 863 2156 illa
878 2095 1035 2158 sortitione
1051 2093 1145 2158 lucelli
1161 2091 1368 2157 redundabat?
1400 2093 1467 2156 Non
1483 2112 1533 2155 re·

371 2214 441 2260 reor
459 2195 553 2272 caira,
571 2215 610 2259 ne
628 2195 696 2278 quis
714 2215 825 2260 nouren
843 2196 882 2259 ad
901 2217 956 2260 eos
971 2197 1119 2280 pertinere
1136 2195 1215 2271 uelit,
1235 2195 1286 2276 qui
1302 2196 1438 2259 labarum
1454 2204 1535 2258 sorte

373 2297 404 2359 iu
419 2307 556 2360 senatum
571 2297 703 2378 legantur
718 2297 763 2360 rel
776 2297 966 2379 rrragistratus
981 2298 1112 2381 capiant,
1127 2301 1207 2362 uncle
1222 2297 1331 2381 aliquid
1347 2300 1474 2362 tortasse
1488 2299 1534 2360 lu·

372 2410 501 2463 crentur.
533 2401 608 2464 llam
623 2401 654 2464 lri
669 2400 825 2483 pauciores
839 2410 936 2477 erant,
949 2421 1040 2482 quam
1055 2411 1089 2464 ut
1102 2401 1132 2466 iu
1148 2403 1321 2465 uniuersum
1337 2403 1483 2486 populum
1499 2401 1534 2465 il-

372 2501 422 2564 lud
442 2521 553 2564 nisinen
571 2503 754 2578 conveniret,
774 2511 805 2566 ct
824 2511 929 2567 testem
949 2503 1095 2568 lralrenrus
1114 2505 1213 2587 ipsum
1228 2504 1457 2588 Aristophanem
1477 2503 1534 2568 sub

372 2604 576 2685 truelga-tamis
595 2625 740 2688 persona,
754 2607 844 2689 l'csp.
859 2626 885 2670 r.
896 2607 975 2681 702,
994 2611 1165 2673 fructuosos
1184 2608 1374 2690 magistratus
1393 2625 1454 2670 non
1475 2609 1537 2670 lere

372 2708 411 2771 ad
424 2707 563 2774 maiae
577 2709 614 2774 do
627 2711 755 2794 populo,
775 2710 830 2774 sed
844 2711 883 2774 ad
897 2729 1011 2794 paucos
1025 2711 1196 2794 pervenisse
1210 2711 1303 2793 gratia
1316 2719 1347 2774 et
1360 2710 1536 2774 factionibus

372 2811 528 2892 pollentes.

374 2904 425 2978 od
439 2909 502 2998 γὰρ
514 2908 640 3001 μεγάλη
656 2906 889 2991 dordri'ioria,
903 2907 1040 2991 τούτους
1053 2909 1114 2996 μὲν
1129 2907 1281 2990 ἅπαντας
1294 2907 1329 2979 ἐν
1343 2906 1460 2998 ἀρχαῖς

373 3009 493 3092 αὐτούς
504 3004 629 3080 r'sirot
643 3013 700 3080 καὶ
714 3012 792 3092 τούς
806 3009 952 3093 κόλακας
964 3012 1042 3093 τούς
1054 3011 1180 3080 τούτων
1193 3013 1504 3103 μισθοφοροῦντας

373 3111 432 3182 σοι’
446 3110 524 3204 δ’ἤν
535 3111 588 3195 τίς
603 3139 639 3203 ys
654 3117 742 3206 διδῷ
754 3119 842 3203 τρεῖς
856 3110 1007 3202 rigidiora,
1023 3109 1168 3206 ἀγαπᾷς.

375 3221 526 3284 litantem
541 3221 600 3286 lroe
613 3241 701 3286 rersu
716 3232 776 3285 tres
791 3222 912 3298 obolos,
931 3221 1096 3286 iudicialem
1112 3221 1290 3298 reccaredum,
1310 3231 1449 3304 tanquam
1466 3221 1535 3284 uni·

372 3342 441 3386 αιιιι
462 3323 658 3386 mrdtitudinis
676 3325 814 3388 lucellum
833 3326 1060 3388 coumremorari
1076 3325 1227 3400 ridemus,
1247 3325 1287 3388 ita
1306 3325 1384 3388 idern
1400 3327 1432 3387 lit
1447 3325 1536 3388 etiarn

372 3425 439 3491 aliis
453 3424 543 3491 huius
558 3425 672 3490 ludulae
685 3427 768 3501 loeis,
782 3426 871 3490 veluti
885 3448 912 3492 r.
922 3429 1001 3491 315:

639 3521 711 3592 eiad
726 3525 790 3615 γὰρ
803 3521 963 3610 τοῦδ’ἕμὲ
976 3526 1036 3592 τοῦ
1049 3520 1238 3613 μισθαρίου

639 3624 752 3716 τρίτον
765 3623 866 3697 aiacis
878 3624 966 3712 ἔχειν
979 3621 1109 3718 ἄλφιτα
1124 3628 1176 3694 tat
1190 3626 1248 3694 καὶ

640 3729 723 3813 ξύλα
735 3722 865 3822 κῶψον·
880 3731 921 3800 ori
936 3727 975 3798 δὲ
988 3731 1045 3798 νῦν
1058 3725 1258 3810 αῦκάἶτεῖςς

374 3848 404 3898 et
418 3837 516 3919 pesullo
530 3837 606 3902 inira
620 3840 749 3903 latentur
762 3839 913 3914 helianae,
929 3839 956 3902 si
970 3837 1110 3902 iudicium
1127 3836 1175 3899 illo
1190 3834 1238 3897 dio
1253 3853 1270 3898 a
1285 3833 1459 3914 magistratu
1474 3853 1536 3897 non

377 3950 564 4015 convocetur,
579 3941 696 4004 nescire
711 3961 744 4006 se
758 3944 837 4007 uude
850 3942 1004 4006 coenulam
1021 3949 1150 4004 sumant
1172 3939 1275 4019 ltaque
1290 3957 1306 4000 a
1319 3935 1444 3999 iudiciali
1461 3957 1540 3999 mer-

378 4042 450 4104 cede
464 4043 521 4105 lios
540 4044 668 4127 „pullas
682 4045 796 4109 aalma
813 4045 881 4110 dise
894 4055 949 4118 est,
970 4055 997 4108 et
1008 4045 1096 4127 porris
1109 4044 1266 4125 [αοιιιιριιι
1280 4039 1383 4101 domi“
1403 4057 1539 4100 eorrrmo·

378 4143 501 4206 ‹lissime
526 4143 760 4230 κααμοτρῶγας
783 4147 924 4232 appellari
945 4167 1037 4230 posse
1056 4153 1192 4227 apparet3
1218 4143 1336 4205 aluntur
1355 4140 1434 4203 enirn
1453 4141 1541 4214 trabis,

343 4329 348 4336 ἱ
380 4247 489 4327 «pullus
503 4247 534 4310 in
548 4249 688 4330 suffragio
702 4250 825 4313 terendo
840 4261 965 4315 utuntur
980 4249 1205 4329 mercedemque
1219 4252 1342 4308 merent
1369 4243 1471 4325 Neque
1486 4243 1540 4324 igi-

380 4359 430 4413 tur
444 4360 551 4414 mittere
563 4351 630 4428 hoe,
643 4353 724 4436 quod
738 4353 922 4436 gemmatici
936 4353 1066 4429 tradunt,
1080 4348 1331 4416 contemnendum
1342 4366 1410 4410 esse
1421 4363 1540 4423 causeo,

381 4473 474 4537 quum
493 4458 669 4536 prraesertim
687 4467 840 4540 appareat,
858 4476 921 4523 nou
935 4457 1134 4522 coniecturum
1150 4454 1228 4517 trane
1241 4469 1321 4527 esse,
1340 4469 1376 4513 ox
1391 4448 1457 4533 ipso
1472 4449 1540 4513 dri·

381 4557 537 4642 stephania
555 4558 622 4622 loeo
641 4559 773 4636 ductam,
793 4561 847 4625 sed
862 4561 954 4626 luisse
968 4560 1046 4624 illius
1061 4557 1154 4622 moris
1170 4555 1258 4621 otiam
1273 4553 1342 4618 alibi
1357 4553 1540 4617 mentionem

383 4663 498 4726 ῐοιιοιιι.
531 4661 563 4725 ld
581 4663 674 4740 urim,
693 4663 719 4727 si
738 4666 837 4729 miuus
855 4685 891 4730 ex
910 4657 1007 4748 αἰγὸς
1025 4653 1181 4748 οὐρανίας
1193 4659 1272 4743 αμιιιΙ
1288 4657 1439 4722 Cratinum
1455 4676 1540 4721 cour·

382 4763 610 4841 moerentium,
623 4797 666 4812 -
679 4783 749 4830 nam
762 4768 801 4832 de
814 4767 882 4846 irae,
895 4787 988 4852 quum
1004 4765 1100 4831 sabula
1114 4763 1246 4848 perierit,
1262 4780 1367 4846 pamm
1383 4761 1483 4844 liquet,
1497 4793 1536 4808 ·-

383 4877 463 4934 certe
480 4887 517 4933 ox
535 4867 574 4932 iis
591 4867 770 4952 intelligitur,
793 4889 869 4954 quas
886 4863 1094 4959 depereatis
1110 4887 1136 4932 ι.
1156 4876 1304 4933 testarum
1324 4867 1459 4933 labamur
1479 4882 1539 4930 usu
