<?xml version="1.0" encoding="UTF-8"?>
<!DOCTYPE html PUBLIC "-//W3C//DTD XHTML 1.0 Transitional//EN"
    "http://www.w3.org/TR/xhtml1/DTD/xhtml1-transitional.dtd">
<html xmlns="http://www.w3.org/1999/xhtml" xml:lang="en" lang="en">
 <head>
  <title>
</title>
<meta http-equiv="Content-Type" content="text/html;charset=utf-8" />
  <meta name='ocr-system' content='tesseract 3.04.00' />
  <meta name='ocr-capabilities' content='ocr_page ocr_carea ocr_par ocr_line ocrx_word'/>
</head>
<body>
  <div class='ocr_page' id='page_1' title='image "./opusculaacademi02schgoog_0169.png"; bbox 0 0 3792 5609; ppageno 0'>
   <div class='ocr_carea' id='block_1_1' title="bbox 931 803 991 871">
    <p class='ocr_par' dir='ltr' id='par_1_1' title="bbox 931 803 991 871">
     <span class='ocr_line' id='line_1_1' title="bbox 931 803 991 871; baseline 0.067 -4"><span class='ocrx_word' id='word_1_1' title='bbox 931 803 991 871; x_wconf 83' lang='lat' dir='ltr'><strong>ltu</strong></span> 
     </span>
    </p>
   </div>
   <div class='ocr_carea' id='block_1_2' title="bbox 860 892 1061 907">
    <p class='ocr_par' dir='ltr' id='par_1_2' title="bbox 860 892 1061 907">
     <span class='ocr_line' id='line_1_2' title="bbox 860 892 1061 907; baseline 0.02 -4"><span class='ocrx_word' id='word_1_2' title='bbox 860 892 1061 907; x_wconf 53' lang='lat'><strong>*-</strong></span> 
     </span>
    </p>
   </div>
   <div class='ocr_carea' id='block_1_3' title="bbox 374 992 1545 1803">
    <p class='ocr_par' dir='ltr' id='par_1_3' title="bbox 375 992 1545 1593">
     <span class='ocr_line' id='line_1_3' title="bbox 378 992 1543 1083; baseline 0 -20"><span class='ocrx_word' id='word_1_3' title='bbox 378 996 454 1063; x_wconf 80' lang='lat' dir='ltr'><strong>mrlai</strong></span> <span class='ocrx_word' id='word_1_4' title='bbox 469 996 605 1073; x_wconf 84' lang='lat' dir='ltr'><strong>Grotius,</strong></span> <span class='ocrx_word' id='word_1_5' title='bbox 623 1004 658 1060; x_wconf 91' lang='lat' dir='ltr'><strong>ut</strong></span> <span class='ocrx_word' id='word_1_6' title='bbox 676 995 707 1059; x_wconf 91' lang='lat' dir='ltr'><strong>iu</strong></span> <span class='ocrx_word' id='word_1_7' title='bbox 725 994 788 1061; x_wconf 80' lang='lat' dir='ltr'><strong>aliis</strong></span> <span class='ocrx_word' id='word_1_8' title='bbox 800 993 951 1058; x_wconf 77' lang='lat' dir='ltr'><strong>nonnullis</strong></span> <span class='ocrx_word' id='word_1_9' title='bbox 966 992 1158 1060; x_wconf 89' lang='lat' dir='ltr'><strong>laudatissimi</strong></span> <span class='ocrx_word' id='word_1_10' title='bbox 1166 996 1273 1080; x_wconf 83' lang='lat' dir='ltr'><strong>&#39;operis</strong></span> <span class='ocrx_word' id='word_1_11' title='bbox 1289 996 1437 1083; x_wconf 88' lang='lat' dir='ltr'><strong>portibus,</strong></span> <span class='ocrx_word' id='word_1_12' title='bbox 1456 996 1543 1063; x_wconf 86' lang='lat' dir='ltr'><strong>sicin</strong></span> 
     </span>
     <span class='ocr_line' id='line_1_4' title="bbox 377 1088 1543 1183; baseline 0.001 -19"><span class='ocrx_word' id='word_1_13' title='bbox 377 1101 436 1165; x_wconf 84' lang='lat' dir='ltr'><strong>bac</strong></span> <span class='ocrx_word' id='word_1_14' title='bbox 459 1099 661 1181; x_wconf 86' lang='lat' dir='ltr'><strong>disputatione</strong></span> <span class='ocrx_word' id='word_1_15' title='bbox 678 1114 818 1181; x_wconf 72' lang='lat' dir='ltr'><strong>perverso</strong></span> <span class='ocrx_word' id='word_1_16' title='bbox 840 1099 971 1180; x_wconf 85' lang='lat' dir='ltr'><strong>quodam</strong></span> <span class='ocrx_word' id='word_1_17' title='bbox 991 1100 1091 1163; x_wconf 89' lang='lat' dir='ltr'><strong>studio</strong></span> <span class='ocrx_word' id='word_1_18' title='bbox 1112 1088 1252 1183; x_wconf 88' lang='lat' dir='ltr'><strong>abreptus</strong></span> <span class='ocrx_word' id='word_1_19' title='bbox 1272 1101 1423 1183; x_wconf 88' lang='lat' dir='ltr'><strong>gloriolam</strong></span> <span class='ocrx_word' id='word_1_20' title='bbox 1442 1102 1543 1167; x_wconf 91' lang='lat' dir='ltr'><strong>nescio</strong></span> 
     </span>
     <span class='ocr_line' id='line_1_5' title="bbox 376 1200 1542 1286; baseline 0.003 -22"><span class='ocrx_word' id='word_1_21' title='bbox 376 1221 468 1285; x_wconf 82' lang='lat' dir='ltr'><strong>quam</strong></span> <span class='ocrx_word' id='word_1_22' title='bbox 482 1222 518 1265; x_wconf 82' lang='lat' dir='ltr'><strong>ex</strong></span> <span class='ocrx_word' id='word_1_23' title='bbox 532 1220 569 1264; x_wconf 88' lang='lat' dir='ltr'><strong>eo</strong></span> <span class='ocrx_word' id='word_1_24' title='bbox 584 1210 784 1283; x_wconf 72' lang='lat' dir='ltr'><strong>quaeremur</strong></span> <span class='ocrx_word' id='word_1_25' title='bbox 798 1200 914 1265; x_wconf 87' lang='lat' dir='ltr'><strong>acutius</strong></span> <span class='ocrx_word' id='word_1_26' title='bbox 929 1220 1020 1282; x_wconf 87' lang='lat' dir='ltr'><strong>quarn</strong></span> <span class='ocrx_word' id='word_1_27' title='bbox 1035 1202 1082 1265; x_wconf 88' lang='lat' dir='ltr'><strong>alii</strong></span> <span class='ocrx_word' id='word_1_28' title='bbox 1097 1220 1216 1267; x_wconf 87' lang='lat' dir='ltr'><strong>oemere</strong></span> <span class='ocrx_word' id='word_1_29' title='bbox 1231 1204 1349 1286; x_wconf 86' lang='lat' dir='ltr'><strong>uerique</strong></span> <span class='ocrx_word' id='word_1_30' title='bbox 1364 1216 1392 1268; x_wconf 95' lang='lat' dir='ltr'><strong>et</strong></span> <span class='ocrx_word' id='word_1_31' title='bbox 1408 1205 1471 1268; x_wconf 89' lang='lat' dir='ltr'><strong>lalsi</strong></span> <span class='ocrx_word' id='word_1_32' title='bbox 1486 1224 1542 1268; x_wconf 94' lang='lat' dir='ltr'><strong>no-</strong></span> 
     </span>
     <span class='ocr_line' id='line_1_6' title="bbox 375 1304 1544 1389; baseline 0.002 -20"><span class='ocrx_word' id='word_1_33' title='bbox 375 1316 425 1369; x_wconf 79' lang='lat' dir='ltr'><strong>tas</strong></span> <span class='ocrx_word' id='word_1_34' title='bbox 440 1305 550 1368; x_wconf 89' lang='lat' dir='ltr'><strong>rectius</strong></span> <span class='ocrx_word' id='word_1_35' title='bbox 565 1304 746 1386; x_wconf 83' lang='lat' dir='ltr'><strong>distinguere</strong></span> <span class='ocrx_word' id='word_1_36' title='bbox 760 1312 925 1379; x_wconf 83' lang='lat' dir='ltr'><strong>censeatur,</strong></span> <span class='ocrx_word' id='word_1_37' title='bbox 945 1304 992 1368; x_wconf 93' lang='lat' dir='ltr'><strong>cui</strong></span> <span class='ocrx_word' id='word_1_38' title='bbox 1007 1306 1107 1369; x_wconf 89' lang='lat' dir='ltr'><strong>studio</strong></span> <span class='ocrx_word' id='word_1_39' title='bbox 1123 1306 1172 1387; x_wconf 90' lang='lat' dir='ltr'><strong>qui</strong></span> <span class='ocrx_word' id='word_1_40' title='bbox 1186 1304 1346 1389; x_wconf 81' lang='lat' dir='ltr'><strong>indrdgent,</strong></span> <span class='ocrx_word' id='word_1_41' title='bbox 1366 1307 1413 1369; x_wconf 91' lang='lat' dir='ltr'><strong>bis</strong></span> <span class='ocrx_word' id='word_1_42' title='bbox 1428 1318 1544 1389; x_wconf 86' lang='lat' dir='ltr'><strong>praeter</strong></span> 
     </span>
     <span class='ocr_line' id='line_1_7' title="bbox 378 1408 1545 1491; baseline 0.005 -22"><span class='ocrx_word' id='word_1_43' title='bbox 378 1427 466 1491; x_wconf 87' lang='lat' dir='ltr'><strong>spem</strong></span> <span class='ocrx_word' id='word_1_44' title='bbox 485 1428 576 1491; x_wconf 87' lang='lat' dir='ltr'><strong>saepe</strong></span> <span class='ocrx_word' id='word_1_45' title='bbox 594 1408 804 1473; x_wconf 80' lang='lat' dir='ltr'><strong>Terentianum</strong></span> <span class='ocrx_word' id='word_1_46' title='bbox 824 1408 893 1472; x_wconf 87' lang='lat' dir='ltr'><strong>illud</strong></span> <span class='ocrx_word' id='word_1_47' title='bbox 913 1408 1072 1491; x_wconf 84' lang='lat' dir='ltr'><strong>contingit:</strong></span> <span class='ocrx_word' id='word_1_48' title='bbox 1092 1408 1203 1473; x_wconf 86' lang='lat' dir='ltr'><strong>iaciunt</strong></span> <span class='ocrx_word' id='word_1_49' title='bbox 1222 1410 1408 1491; x_wconf 89' lang='lat' dir='ltr'><strong>intedigendo</strong></span> <span class='ocrx_word' id='word_1_50' title='bbox 1424 1419 1458 1473; x_wconf 89' lang='lat' dir='ltr'><strong>ut</strong></span> <span class='ocrx_word' id='word_1_51' title='bbox 1472 1410 1545 1475; x_wconf 85' lang='lat' dir='ltr'><strong>nihil</strong></span> 
     </span>
     <span class='ocr_line' id='line_1_8' title="bbox 375 1510 546 1593; baseline 0.006 -19"><span class='ocrx_word' id='word_1_52' title='bbox 375 1510 546 1593; x_wconf 68' lang='lat' dir='ltr'><strong>intelligant</strong></span> 
     </span>
    </p>

    <p class='ocr_par' dir='ltr' id='par_1_4' title="bbox 374 1615 1545 1803">
     <span class='ocr_line' id='line_1_9' title="bbox 463 1615 1545 1700; baseline 0.003 -21"><span class='ocrx_word' id='word_1_53' title='bbox 463 1617 507 1679; x_wconf 83' lang='lat' dir='ltr'><strong>hd</strong></span> <span class='ocrx_word' id='word_1_54' title='bbox 522 1615 787 1681; x_wconf 86' lang='lat' dir='ltr'><strong>deruonstrandum</strong></span> <span class='ocrx_word' id='word_1_55' title='bbox 802 1636 924 1681; x_wconf 90' lang='lat' dir='ltr'><strong>omnem</strong></span> <span class='ocrx_word' id='word_1_56' title='bbox 938 1616 1017 1682; x_wconf 90' lang='lat' dir='ltr'><strong>illam</strong></span> <span class='ocrx_word' id='word_1_57' title='bbox 1038 1616 1074 1681; x_wconf 88' lang='lat' dir='ltr'><strong>de</strong></span> <span class='ocrx_word' id='word_1_58' title='bbox 1088 1616 1232 1700; x_wconf 82' lang='lat' dir='ltr'><strong>suprabdi</strong></span> <span class='ocrx_word' id='word_1_59' title='bbox 1248 1636 1386 1699; x_wconf 86' lang='lat' dir='ltr'><strong>agrorum</strong></span> <span class='ocrx_word' id='word_1_60' title='bbox 1402 1616 1545 1683; x_wconf 84' lang='lat' dir='ltr'><strong>divisione</strong></span> 
     </span>
     <span class='ocr_line' id='line_1_10' title="bbox 374 1719 1545 1803; baseline 0.002 -21"><span class='ocrx_word' id='word_1_61' title='bbox 374 1720 528 1803; x_wconf 74' lang='lat' dir='ltr'><strong>Lycurgea</strong></span> <span class='ocrx_word' id='word_1_62' title='bbox 552 1720 754 1785; x_wconf 75' lang='lat' dir='ltr'><strong>narrationem</strong></span> <span class='ocrx_word' id='word_1_63' title='bbox 779 1720 977 1786; x_wconf 73' lang='lat' dir='ltr'><strong>incredibilem</strong></span> <span class='ocrx_word' id='word_1_64' title='bbox 1006 1740 1191 1803; x_wconf 88' lang='lat' dir='ltr'><strong>prorsusque</strong></span> <span class='ocrx_word' id='word_1_65' title='bbox 1217 1719 1453 1785; x_wconf 82' lang='lat' dir='ltr'><strong>courrnenthiam</strong></span> <span class='ocrx_word' id='word_1_66' title='bbox 1478 1742 1545 1785; x_wconf 87' lang='lat' dir='ltr'><strong>esse</strong></span> 
     </span>
    </p>
   </div>
   <div class='ocr_carea' id='block_1_4' title="bbox 374 1822 1637 1907">
    <p class='ocr_par' dir='ltr' id='par_1_5' title="bbox 374 1822 1637 1907">
     <span class='ocr_line' id='line_1_11' title="bbox 374 1822 1637 1907; baseline 0.002 -22"><span class='ocrx_word' id='word_1_67' title='bbox 374 1823 487 1905; x_wconf 78' lang='lat' dir='ltr'><strong>duplici</strong></span> <span class='ocrx_word' id='word_1_68' title='bbox 502 1822 623 1887; x_wconf 84' lang='lat' dir='ltr'><strong>Grotius</strong></span> <span class='ocrx_word' id='word_1_69' title='bbox 638 1834 883 1905; x_wconf 88' lang='lat' dir='ltr'><strong>argumentorum</strong></span> <span class='ocrx_word' id='word_1_70' title='bbox 899 1844 1004 1907; x_wconf 88' lang='lat' dir='ltr'><strong>genero</strong></span> <span class='ocrx_word' id='word_1_71' title='bbox 1020 1824 1124 1898; x_wconf 90' lang='lat' dir='ltr'><strong>utitur,</strong></span> <span class='ocrx_word' id='word_1_72' title='bbox 1140 1842 1268 1906; x_wconf 92' lang='lat' dir='ltr'><strong>quorum</strong></span> <span class='ocrx_word' id='word_1_73' title='bbox 1284 1824 1407 1887; x_wconf 88' lang='lat' dir='ltr'><strong>alterum</strong></span> <span class='ocrx_word' id='word_1_74' title='bbox 1423 1842 1438 1885; x_wconf 85' lang='lat' dir='ltr'><strong>a</strong></span> <span class='ocrx_word' id='word_1_75' title='bbox 1455 1824 1544 1888; x_wconf 88' lang='lat' dir='ltr'><strong>silen-</strong></span> <span class='ocrx_word' id='word_1_76' title='bbox 1635 1828 1637 1833; x_wconf 85' lang='lat'>&#39;</span> 
     </span>
    </p>
   </div>
   <div class='ocr_carea' id='block_1_5' title="bbox 374 1924 1582 3335">
    <p class='ocr_par' dir='ltr' id='par_1_6' title="bbox 374 1924 1582 3335">
     <span class='ocr_line' id='line_1_12' title="bbox 374 1924 1544 2009; baseline 0.001 -22"><span class='ocrx_word' id='word_1_77' title='bbox 374 1924 418 1987; x_wconf 89' lang='lat' dir='ltr'><strong>tio</strong></span> <span class='ocrx_word' id='word_1_78' title='bbox 435 1926 615 2008; x_wconf 89' lang='lat' dir='ltr'><strong>scriptorum</strong></span> <span class='ocrx_word' id='word_1_79' title='bbox 635 1926 757 2008; x_wconf 75' lang='lat' dir='ltr'><strong>l’olgbio</strong></span> <span class='ocrx_word' id='word_1_80' title='bbox 777 1928 913 2009; x_wconf 91' lang='lat' dir='ltr'><strong>priorum</strong></span> <span class='ocrx_word' id='word_1_81' title='bbox 933 1927 1056 1991; x_wconf 90' lang='lat' dir='ltr'><strong>ductum</strong></span> <span class='ocrx_word' id='word_1_82' title='bbox 1071 1936 1130 1999; x_wconf 90' lang='lat' dir='ltr'><strong>est,</strong></span> <span class='ocrx_word' id='word_1_83' title='bbox 1146 1926 1268 1990; x_wconf 90' lang='lat' dir='ltr'><strong>altemm</strong></span> <span class='ocrx_word' id='word_1_84' title='bbox 1289 1944 1305 1989; x_wconf 89' lang='lat' dir='ltr'><strong>a</strong></span> <span class='ocrx_word' id='word_1_85' title='bbox 1326 1924 1412 1989; x_wconf 88' lang='lat' dir='ltr'><strong>certis</strong></span> <span class='ocrx_word' id='word_1_86' title='bbox 1429 1924 1544 1989; x_wconf 86' lang='lat' dir='ltr'><strong>indiciis</strong></span> 
     </span>
     <span class='ocr_line' id='line_1_13' title="bbox 375 2018 1544 2111; baseline 0.002 -22"><span class='ocrx_word' id='word_1_87' title='bbox 375 2046 501 2108; x_wconf 86' lang='lat' dir='ltr'><strong>magnae</strong></span> <span class='ocrx_word' id='word_1_88' title='bbox 516 2028 671 2092; x_wconf 90' lang='lat' dir='ltr'><strong>cuiusdam</strong></span> <span class='ocrx_word' id='word_1_89' title='bbox 687 2028 837 2093; x_wconf 89' lang='lat' dir='ltr'><strong>bonorum</strong></span> <span class='ocrx_word' id='word_1_90' title='bbox 854 2030 1069 2111; x_wconf 75' lang='lat' dir='ltr'><strong>inaequalitatis</strong></span> <span class='ocrx_word' id='word_1_91' title='bbox 1085 2030 1142 2091; x_wconf 89' lang='lat' dir='ltr'><strong>iam</strong></span> <span class='ocrx_word' id='word_1_92' title='bbox 1154 2028 1227 2091; x_wconf 89' lang='lat' dir='ltr'><strong>satis</strong></span> <span class='ocrx_word' id='word_1_93' title='bbox 1240 2037 1354 2091; x_wconf 86' lang='lat' dir='ltr'><strong>urature</strong></span> <span class='ocrx_word' id='word_1_94' title='bbox 1365 2028 1441 2090; x_wconf 89' lang='lat' dir='ltr'><strong>inter</strong></span> <span class='ocrx_word' id='word_1_95' title='bbox 1452 2018 1544 2111; x_wconf 81' lang='lat' dir='ltr'><strong>Spar·</strong></span> 
     </span>
     <span class='ocr_line' id='line_1_14' title="bbox 377 2130 1544 2215; baseline -0.001 -23"><span class='ocrx_word' id='word_1_96' title='bbox 377 2140 466 2193; x_wconf 73' lang='lat' dir='ltr'><strong>unos</strong></span> <span class='ocrx_word' id='word_1_97' title='bbox 492 2130 680 2211; x_wconf 73' lang='lat' dir='ltr'><strong>conquiesse.</strong></span> <span class='ocrx_word' id='word_1_98' title='bbox 718 2130 777 2194; x_wconf 84' lang='lat' dir='ltr'><strong>Sed</strong></span> <span class='ocrx_word' id='word_1_99' title='bbox 803 2132 863 2195; x_wconf 89' lang='lat' dir='ltr'><strong>huo</strong></span> <span class='ocrx_word' id='word_1_100' title='bbox 882 2132 1001 2215; x_wconf 89' lang='lat' dir='ltr'><strong>quidem</strong></span> <span class='ocrx_word' id='word_1_101' title='bbox 1033 2131 1181 2211; x_wconf 83' lang='lat' dir='ltr'><strong>posterius</strong></span> <span class='ocrx_word' id='word_1_102' title='bbox 1206 2150 1295 2213; x_wconf 90' lang='lat' dir='ltr'><strong>quam</strong></span> <span class='ocrx_word' id='word_1_103' title='bbox 1321 2130 1470 2193; x_wconf 88' lang='lat' dir='ltr'><strong>iulirmunr</strong></span> <span class='ocrx_word' id='word_1_104' title='bbox 1497 2130 1544 2201; x_wconf 85' lang='lat' dir='ltr'><strong>sit,</strong></span> 
     </span>
     <span class='ocr_line' id='line_1_15' title="bbox 376 2220 1582 2313; baseline 0 -20"><span class='ocrx_word' id='word_1_105' title='bbox 376 2232 541 2305; x_wconf 85' lang='lat' dir='ltr'><strong>neminem,</strong></span> <span class='ocrx_word' id='word_1_106' title='bbox 566 2233 616 2313; x_wconf 93' lang='lat' dir='ltr'><strong>qui</strong></span> <span class='ocrx_word' id='word_1_107' title='bbox 642 2234 734 2297; x_wconf 87' lang='lat' dir='ltr'><strong>rrrodo</strong></span> <span class='ocrx_word' id='word_1_108' title='bbox 756 2235 904 2297; x_wconf 88' lang='lat' dir='ltr'><strong>attendero</strong></span> <span class='ocrx_word' id='word_1_109' title='bbox 924 2233 1000 2303; x_wconf 81' lang='lat' dir='ltr'><strong>uelit,</strong></span> <span class='ocrx_word' id='word_1_110' title='bbox 1026 2235 1125 2313; x_wconf 91' lang='lat' dir='ltr'><strong>lugere</strong></span> <span class='ocrx_word' id='word_1_111' title='bbox 1151 2241 1257 2313; x_wconf 86' lang='lat' dir='ltr'><strong>potest.</strong></span> <span class='ocrx_word' id='word_1_112' title='bbox 1302 2232 1436 2295; x_wconf 85' lang='lat' dir='ltr'><strong>l&#39;rimum</strong></span> <span class='ocrx_word' id='word_1_113' title='bbox 1455 2220 1544 2303; x_wconf 87' lang='lat' dir='ltr'><strong>enir&#39;u,</strong></span> <span class='ocrx_word' id='word_1_114' title='bbox 1579 2294 1582 2300; x_wconf 16' lang='grc' dir='ltr'><strong>Δ</strong></span> 
     </span>
     <span class='ocr_line' id='line_1_16' title="bbox 376 2333 1545 2416; baseline 0.001 -20"><span class='ocrx_word' id='word_1_115' title='bbox 376 2334 513 2415; x_wconf 82' lang='lat' dir='ltr'><strong>quamuis</strong></span> <span class='ocrx_word' id='word_1_116' title='bbox 534 2335 725 2416; x_wconf 87' lang='lat' dir='ltr'><strong>aequabiliter</strong></span> <span class='ocrx_word' id='word_1_117' title='bbox 743 2334 805 2415; x_wconf 88' lang='lat' dir='ltr'><strong>agri</strong></span> <span class='ocrx_word' id='word_1_118' title='bbox 826 2335 976 2400; x_wconf 89' lang='lat' dir='ltr'><strong>distributi</strong></span> <span class='ocrx_word' id='word_1_119' title='bbox 993 2334 1113 2407; x_wconf 86' lang='lat' dir='ltr'><strong>hrerint,</strong></span> <span class='ocrx_word' id='word_1_120' title='bbox 1134 2334 1225 2397; x_wconf 84' lang='lat' dir='ltr'><strong>nihilo</strong></span> <span class='ocrx_word' id='word_1_121' title='bbox 1242 2333 1338 2397; x_wconf 83' lang='lat' dir='ltr'><strong>serius</strong></span> <span class='ocrx_word' id='word_1_122' title='bbox 1353 2343 1451 2396; x_wconf 86' lang='lat' dir='ltr'><strong>tumen</strong></span> <span class='ocrx_word' id='word_1_123' title='bbox 1468 2342 1545 2397; x_wconf 88' lang='lat' dir='ltr'><strong>oete-</strong></span> 
     </span>
     <span class='ocr_line' id='line_1_17' title="bbox 377 2435 1543 2519; baseline 0 -20"><span class='ocrx_word' id='word_1_124' title='bbox 377 2454 479 2499; x_wconf 87' lang='lat' dir='ltr'><strong>rarum</strong></span> <span class='ocrx_word' id='word_1_125' title='bbox 495 2435 722 2517; x_wconf 76' lang='lat' dir='ltr'><strong>possessionum</strong></span> <span class='ocrx_word' id='word_1_126' title='bbox 743 2456 850 2519; x_wconf 88' lang='lat' dir='ltr'><strong>magna</strong></span> <span class='ocrx_word' id='word_1_127' title='bbox 871 2438 1061 2519; x_wconf 79' lang='lat' dir='ltr'><strong>inaesprslitas</strong></span> <span class='ocrx_word' id='word_1_128' title='bbox 1081 2456 1147 2499; x_wconf 87' lang='lat' dir='ltr'><strong>esse</strong></span> <span class='ocrx_word' id='word_1_129' title='bbox 1161 2436 1272 2519; x_wconf 85' lang='lat' dir='ltr'><strong>putuit,</strong></span> <span class='ocrx_word' id='word_1_130' title='bbox 1292 2436 1436 2517; x_wconf 86' lang='lat' dir='ltr'><strong>siquidem</strong></span> <span class='ocrx_word' id='word_1_131' title='bbox 1453 2436 1543 2519; x_wconf 87' lang='lat' dir='ltr'><strong>Spar·-</strong></span> 
     </span>
     <span class='ocr_line' id='line_1_18' title="bbox 378 2528 1545 2620; baseline 0 -19"><span class='ocrx_word' id='word_1_132' title='bbox 378 2548 465 2601; x_wconf 87' lang='lat' dir='ltr'><strong>tauos</strong></span> <span class='ocrx_word' id='word_1_133' title='bbox 484 2555 547 2600; x_wconf 86' lang='lat' dir='ltr'><strong>non</strong></span> <span class='ocrx_word' id='word_1_134' title='bbox 567 2538 665 2601; x_wconf 89' lang='lat' dir='ltr'><strong>solum</strong></span> <span class='ocrx_word' id='word_1_135' title='bbox 683 2557 785 2619; x_wconf 86' lang='lat' dir='ltr'><strong>agros,</strong></span> <span class='ocrx_word' id='word_1_136' title='bbox 805 2540 858 2602; x_wconf 85' lang='lat' dir='ltr'><strong>sed</strong></span> <span class='ocrx_word' id='word_1_137' title='bbox 876 2538 966 2610; x_wconf 82' lang='lat' dir='ltr'><strong>etiam</strong></span> <span class='ocrx_word' id='word_1_138' title='bbox 987 2538 1058 2601; x_wconf 88' lang='lat' dir='ltr'><strong>alias</strong></span> <span class='ocrx_word' id='word_1_139' title='bbox 1078 2558 1126 2602; x_wconf 87' lang='lat' dir='ltr'><strong>res</strong></span> <span class='ocrx_word' id='word_1_140' title='bbox 1147 2538 1216 2601; x_wconf 84' lang='lat' dir='ltr'><strong>uarii</strong></span> <span class='ocrx_word' id='word_1_141' title='bbox 1237 2528 1353 2618; x_wconf 82' lang='lat' dir='ltr'><strong>generis·</strong></span> <span class='ocrx_word' id='word_1_142' title='bbox 1373 2540 1545 2620; x_wconf 72' lang='lat' dir='ltr'><strong>possedisse</strong></span> 
     </span>
     <span class='ocr_line' id='line_1_19' title="bbox 377 2639 1544 2722; baseline 0.001 -20"><span class='ocrx_word' id='word_1_143' title='bbox 377 2658 441 2702; x_wconf 86' lang='lat' dir='ltr'><strong>non</strong></span> <span class='ocrx_word' id='word_1_144' title='bbox 460 2646 507 2701; x_wconf 90' lang='lat' dir='ltr'><strong>est</strong></span> <span class='ocrx_word' id='word_1_145' title='bbox 525 2639 730 2703; x_wconf 90' lang='lat' dir='ltr'><strong>dubitandum.</strong></span> <span class='ocrx_word' id='word_1_146' title='bbox 764 2640 802 2704; x_wconf 85' lang='lat' dir='ltr'><strong>Et</strong></span> <span class='ocrx_word' id='word_1_147' title='bbox 821 2642 952 2717; x_wconf 85' lang='lat' dir='ltr'><strong>luerunt,</strong></span> <span class='ocrx_word' id='word_1_148' title='bbox 971 2641 1128 2705; x_wconf 82' lang='lat' dir='ltr'><strong>Plutarcho</strong></span> <span class='ocrx_word' id='word_1_149' title='bbox 1149 2644 1294 2715; x_wconf 63' lang='lat' dir='ltr'><strong>aestuet),</strong></span> <span class='ocrx_word' id='word_1_150' title='bbox 1314 2640 1363 2721; x_wconf 92' lang='lat' dir='ltr'><strong>qui</strong></span> <span class='ocrx_word' id='word_1_151' title='bbox 1379 2640 1544 2722; x_wconf 78' lang='lat' dir='ltr'><strong>Lycurgum</strong></span> 
     </span>
     <span class='ocr_line' id='line_1_20' title="bbox 379 2733 1544 2823; baseline 0.002 -20"><span class='ocrx_word' id='word_1_152' title='bbox 379 2745 468 2803; x_wconf 84' lang='lat' dir='ltr'><strong>etiam</strong></span> <span class='ocrx_word' id='word_1_153' title='bbox 481 2736 549 2803; x_wconf 75' lang='grc' dir='ltr'><strong>τῶν</strong></span> <span class='ocrx_word' id='word_1_154' title='bbox 560 2734 723 2819; x_wconf 73' lang='grc' dir='ltr'><strong>ἐπίπλων,</strong></span> <span class='ocrx_word' id='word_1_155' title='bbox 738 2741 767 2805; x_wconf 94' lang='grc' dir='ltr'><strong>Ιι.</strong></span> <span class='ocrx_word' id='word_1_156' title='bbox 784 2761 810 2805; x_wconf 86' lang='lat' dir='ltr'><strong>e.</strong></span> <span class='ocrx_word' id='word_1_157' title='bbox 827 2733 926 2806; x_wconf 80' lang='lat' dir='ltr'><strong>rerum</strong></span> <span class='ocrx_word' id='word_1_158' title='bbox 942 2742 1097 2805; x_wconf 89' lang='lat' dir='ltr'><strong>mobilium</strong></span> <span class='ocrx_word' id='word_1_159' title='bbox 1113 2742 1295 2823; x_wconf 87' lang='lat' dir='ltr'><strong>aequabilem</strong></span> <span class='ocrx_word' id='word_1_160' title='bbox 1312 2742 1433 2804; x_wconf 87' lang='lat' dir='ltr'><strong>modum</strong></span> <span class='ocrx_word' id='word_1_161' title='bbox 1450 2742 1544 2805; x_wconf 90' lang='lat' dir='ltr'><strong>intru-</strong></span> 
     </span>
     <span class='ocr_line' id='line_1_21' title="bbox 379 2841 1544 2925; baseline 0.003 -21"><span class='ocrx_word' id='word_1_162' title='bbox 379 2841 626 2905; x_wconf 86' lang='lat' dir='ltr'><strong>duoereroluisse</strong></span> <span class='ocrx_word' id='word_1_163' title='bbox 640 2842 784 2918; x_wconf 86' lang='lat' dir='ltr'><strong>dicerent,</strong></span> <span class='ocrx_word' id='word_1_164' title='bbox 804 2844 857 2905; x_wconf 83' lang='lat' dir='ltr'><strong>scd</strong></span> <span class='ocrx_word' id='word_1_165' title='bbox 876 2844 1019 2908; x_wconf 84' lang='lat' dir='ltr'><strong>desistere</strong></span> <span class='ocrx_word' id='word_1_166' title='bbox 1034 2856 1168 2907; x_wconf 88' lang='lat' dir='ltr'><strong>eoactum</strong></span> <span class='ocrx_word' id='word_1_167' title='bbox 1183 2862 1263 2919; x_wconf 86' lang='lat' dir='ltr'><strong>esse,</strong></span> <span class='ocrx_word' id='word_1_168' title='bbox 1283 2842 1407 2925; x_wconf 89' lang='lat' dir='ltr'><strong>ideoque</strong></span> <span class='ocrx_word' id='word_1_169' title='bbox 1428 2842 1544 2907; x_wconf 85' lang='lat' dir='ltr'><strong>inutiles</strong></span> 
     </span>
     <span class='ocr_line' id='line_1_22' title="bbox 381 2943 1546 3027; baseline 0.002 -20"><span class='ocrx_word' id='word_1_170' title='bbox 381 2945 485 3007; x_wconf 89' lang='lat' dir='ltr'><strong>saltem</strong></span> <span class='ocrx_word' id='word_1_171' title='bbox 505 2943 619 3008; x_wconf 86' lang='lat' dir='ltr'><strong>diuitias</strong></span> <span class='ocrx_word' id='word_1_172' title='bbox 634 2944 864 3027; x_wconf 74' lang='lat' dir='ltr'><strong>possessoribus</strong></span> <span class='ocrx_word' id='word_1_173' title='bbox 883 2946 1006 3009; x_wconf 81' lang='lat' dir='ltr'><strong>redolere</strong></span> <span class='ocrx_word' id='word_1_174' title='bbox 1021 2956 1170 3022; x_wconf 90' lang='lat' dir='ltr'><strong>conatum,</strong></span> <span class='ocrx_word' id='word_1_175' title='bbox 1185 2944 1263 3009; x_wconf 90' lang='lat' dir='ltr'><strong>unde</strong></span> <span class='ocrx_word' id='word_1_176' title='bbox 1278 2954 1413 3027; x_wconf 87' lang='lat' dir='ltr'><strong>apparet,</strong></span> <span class='ocrx_word' id='word_1_177' title='bbox 1433 2963 1494 3008; x_wconf 90' lang='lat' dir='ltr'><strong>nou</strong></span> <span class='ocrx_word' id='word_1_178' title='bbox 1510 2946 1546 3009; x_wconf 89' lang='lat' dir='ltr'><strong>de</strong></span> 
     </span>
     <span class='ocr_line' id='line_1_23' title="bbox 381 3046 1544 3137; baseline 0.003 -30"><span class='ocrx_word' id='word_1_179' title='bbox 381 3046 517 3109; x_wconf 90' lang='lat' dir='ltr'><strong>omnium</strong></span> <span class='ocrx_word' id='word_1_180' title='bbox 537 3047 687 3111; x_wconf 91' lang='lat' dir='ltr'><strong>bonorum</strong></span> <span class='ocrx_word' id='word_1_181' title='bbox 706 3048 908 3129; x_wconf 88' lang='lat' dir='ltr'><strong>aequabilitate</strong></span> <span class='ocrx_word' id='word_1_182' title='bbox 926 3049 1116 3131; x_wconf 85' lang='lat' dir='ltr'><strong>cogitandum</strong></span> <span class='ocrx_word' id='word_1_183' title='bbox 1131 3068 1212 3121; x_wconf 87' lang='lat' dir='ltr'><strong>esse,</strong></span> <span class='ocrx_word' id='word_1_184' title='bbox 1232 3046 1286 3111; x_wconf 89' lang='lat' dir='ltr'><strong>sed</strong></span> <span class='ocrx_word' id='word_1_185' title='bbox 1304 3052 1338 3111; x_wconf 89' lang='lat' dir='ltr'><strong>ut</strong></span> <span class='ocrx_word' id='word_1_186' title='bbox 1352 3056 1419 3111; x_wconf 88' lang='lat' dir='ltr'><strong>ante</strong></span> <span class='ocrx_word' id='word_1_187' title='bbox 1431 3047 1544 3137; x_wconf 73' lang='lat' dir='ltr'><strong>lquor-</strong></span> 
     </span>
     <span class='ocr_line' id='line_1_24' title="bbox 381 3138 1544 3235; baseline 0.002 -24"><span class='ocrx_word' id='word_1_188' title='bbox 381 3168 462 3229; x_wconf 86' lang='lat' dir='ltr'><strong>gum‚</strong></span> <span class='ocrx_word' id='word_1_189' title='bbox 476 3148 518 3211; x_wconf 89' lang='lat' dir='ltr'><strong>ita</strong></span> <span class='ocrx_word' id='word_1_190' title='bbox 532 3149 619 3213; x_wconf 89' lang='lat' dir='ltr'><strong>etiam</strong></span> <span class='ocrx_word' id='word_1_191' title='bbox 634 3160 788 3233; x_wconf 80' lang='lat' dir='ltr'><strong>postcom</strong></span> <span class='ocrx_word' id='word_1_192' title='bbox 803 3151 877 3216; x_wconf 91' lang='lat' dir='ltr'><strong>alios</strong></span> <span class='ocrx_word' id='word_1_193' title='bbox 888 3151 993 3215; x_wconf 85' lang='lat' dir='ltr'><strong>diuites</strong></span> <span class='ocrx_word' id='word_1_194' title='bbox 1005 3152 1097 3215; x_wconf 86' lang='lat' dir='ltr'><strong>luisse</strong></span> <span class='ocrx_word' id='word_1_195' title='bbox 1108 3152 1181 3215; x_wconf 89' lang='lat' dir='ltr'><strong>alius</strong></span> <span class='ocrx_word' id='word_1_196' title='bbox 1191 3138 1345 3235; x_wconf 73' lang='lat' dir='ltr'><strong>pauperes,</strong></span> <span class='ocrx_word' id='word_1_197' title='bbox 1362 3146 1451 3234; x_wconf 88' lang='lat' dir='ltr'><strong>prout</strong></span> <span class='ocrx_word' id='word_1_198' title='bbox 1462 3149 1544 3233; x_wconf 89' lang='lat' dir='ltr'><strong>quis·</strong></span> 
     </span>
     <span class='ocr_line' id='line_1_25' title="bbox 381 3250 1546 3335; baseline 0 -20"><span class='ocrx_word' id='word_1_199' title='bbox 381 3271 438 3332; x_wconf 84' lang='lat' dir='ltr'><strong>quc</strong></span> <span class='ocrx_word' id='word_1_200' title='bbox 457 3259 507 3314; x_wconf 84' lang='lat' dir='ltr'><strong>aut</strong></span> <span class='ocrx_word' id='word_1_201' title='bbox 526 3250 598 3314; x_wconf 85' lang='lat' dir='ltr'><strong>nihil</strong></span> <span class='ocrx_word' id='word_1_202' title='bbox 617 3262 733 3333; x_wconf 88' lang='lat' dir='ltr'><strong>praeter</strong></span> <span class='ocrx_word' id='word_1_203' title='bbox 754 3253 939 3334; x_wconf 84' lang='lat' dir='ltr'><strong>assignatum</strong></span> <span class='ocrx_word' id='word_1_204' title='bbox 959 3254 1019 3335; x_wconf 86' lang='lat' dir='ltr'><strong>agri</strong></span> <span class='ocrx_word' id='word_1_205' title='bbox 1042 3254 1165 3318; x_wconf 91' lang='lat' dir='ltr'><strong>modum</strong></span> <span class='ocrx_word' id='word_1_206' title='bbox 1184 3254 1308 3317; x_wconf 76' lang='lat' dir='ltr'><strong>adt&#39;ali&#39;a</strong></span> <span class='ocrx_word' id='word_1_207' title='bbox 1331 3262 1446 3335; x_wconf 83' lang='lat' dir='ltr'><strong>praeter</strong></span> <span class='ocrx_word' id='word_1_208' title='bbox 1465 3254 1546 3316; x_wconf 88' lang='lat' dir='ltr'><strong>hunc</strong></span> 
     </span>
    </p>
   </div>
   <div class='ocr_carea' id='block_1_6' title="bbox 381 3348 1619 3747">
    <p class='ocr_par' dir='ltr' id='par_1_7' title="bbox 381 3348 1619 3747">
     <span class='ocr_line' id='line_1_26' title="bbox 381 3348 1568 3447; baseline 0.002 -32"><span class='ocrx_word' id='word_1_209' title='bbox 381 3352 460 3415; x_wconf 89' lang='lat' dir='ltr'><strong>bona</strong></span> <span class='ocrx_word' id='word_1_210' title='bbox 484 3354 660 3435; x_wconf 83' lang='lat' dir='ltr'><strong>possideret</strong></span> <span class='ocrx_word' id='word_1_211' title='bbox 701 3355 828 3428; x_wconf 84' lang='lat' dir='ltr'><strong>Deinde,</strong></span> <span class='ocrx_word' id='word_1_212' title='bbox 852 3355 968 3418; x_wconf 87' lang='lat' dir='ltr'><strong>etiamsi</strong></span> <span class='ocrx_word' id='word_1_213' title='bbox 994 3376 1081 3439; x_wconf 88' lang='lat' dir='ltr'><strong>agros</strong></span> <span class='ocrx_word' id='word_1_214' title='bbox 1105 3364 1230 3420; x_wconf 90' lang='lat' dir='ltr'><strong>tantum&#39;</strong></span> <span class='ocrx_word' id='word_1_215' title='bbox 1244 3356 1434 3439; x_wconf 80' lang='lat' dir='ltr'><strong>respicimus,</strong></span> <span class='ocrx_word' id='word_1_216' title='bbox 1458 3348 1568 3447; x_wconf 86' lang='lat' dir='ltr'><strong>nemo</strong></span> 
     </span>
     <span class='ocr_line' id='line_1_27' title="bbox 381 3456 1619 3541; baseline 0.004 -24"><span class='ocrx_word' id='word_1_217' title='bbox 381 3464 467 3537; x_wconf 90' lang='lat' dir='ltr'><strong>negat</strong></span> <span class='ocrx_word' id='word_1_218' title='bbox 485 3456 594 3518; x_wconf 90' lang='lat' dir='ltr'><strong>liorum</strong></span> <span class='ocrx_word' id='word_1_219' title='bbox 614 3457 850 3538; x_wconf 86' lang='lat' dir='ltr'><strong>aequabilitatem</strong></span> <span class='ocrx_word' id='word_1_220' title='bbox 864 3468 1007 3541; x_wconf 90' lang='lat' dir='ltr'><strong>perpetuo</strong></span> <span class='ocrx_word' id='word_1_221' title='bbox 1024 3458 1142 3521; x_wconf 86' lang='lat' dir='ltr'><strong>retineri</strong></span> <span class='ocrx_word' id='word_1_222' title='bbox 1160 3478 1220 3523; x_wconf 90' lang='lat' dir='ltr'><strong>uon</strong></span> <span class='ocrx_word' id='word_1_223' title='bbox 1235 3459 1383 3540; x_wconf 87' lang='lat' dir='ltr'><strong>potuisse,</strong></span> <span class='ocrx_word' id='word_1_224' title='bbox 1404 3458 1455 3519; x_wconf 88' lang='lat' dir='ltr'><strong>sed</strong></span> <span class='ocrx_word' id='word_1_225' title='bbox 1477 3477 1545 3521; x_wconf 82' lang='lat' dir='ltr'><strong>mox</strong></span> <span class='ocrx_word' id='word_1_226' title='bbox 1616 3490 1619 3499; x_wconf 47' lang='lat'>¹</span> 
     </span>
     <span class='ocr_line' id='line_1_28' title="bbox 382 3558 1544 3644; baseline 0.002 -23"><span class='ocrx_word' id='word_1_227' title='bbox 382 3576 485 3621; x_wconf 87' lang='lat' dir='ltr'><strong>rursus</strong></span> <span class='ocrx_word' id='word_1_228' title='bbox 505 3558 616 3623; x_wconf 90' lang='lat' dir='ltr'><strong>turbari</strong></span> <span class='ocrx_word' id='word_1_229' title='bbox 634 3570 771 3642; x_wconf 88' lang='lat' dir='ltr'><strong>coeptam</strong></span> <span class='ocrx_word' id='word_1_230' title='bbox 790 3580 875 3635; x_wconf 88' lang='lat' dir='ltr'><strong>esse,</strong></span> <span class='ocrx_word' id='word_1_231' title='bbox 899 3560 961 3625; x_wconf 85' lang='lat' dir='ltr'><strong>sire</strong></span> <span class='ocrx_word' id='word_1_232' title='bbox 981 3561 1061 3644; x_wconf 79' lang='lat' dir='ltr'><strong>equod</strong></span> <span class='ocrx_word' id='word_1_233' title='bbox 1081 3560 1295 3644; x_wconf 81' lang='lat' dir='ltr'><strong>negligerentur</strong></span> <span class='ocrx_word' id='word_1_234' title='bbox 1313 3560 1391 3641; x_wconf 85' lang='lat' dir='ltr'><strong>leges</strong></span> <span class='ocrx_word' id='word_1_235' title='bbox 1412 3580 1486 3642; x_wconf 87' lang='lat' dir='ltr'><strong>quae</strong></span> <span class='ocrx_word' id='word_1_236' title='bbox 1509 3561 1544 3623; x_wconf 91' lang='lat' dir='ltr'><strong>ad</strong></span> 
     </span>
     <span class='ocr_line' id='line_1_29' title="bbox 382 3662 1545 3747; baseline 0.002 -24"><span class='ocrx_word' id='word_1_237' title='bbox 382 3681 446 3723; x_wconf 88' lang='lat' dir='ltr'><strong>eam</strong></span> <span class='ocrx_word' id='word_1_238' title='bbox 462 3662 694 3725; x_wconf 77' lang='lat' dir='ltr'><strong>conservandam</strong></span> <span class='ocrx_word' id='word_1_239' title='bbox 709 3662 903 3744; x_wconf 87' lang='lat' dir='ltr'><strong>pertinerent,</strong></span> <span class='ocrx_word' id='word_1_240' title='bbox 923 3662 986 3727; x_wconf 79' lang='lat' dir='ltr'><strong>siue</strong></span> <span class='ocrx_word' id='word_1_241' title='bbox 1000 3664 1081 3747; x_wconf 89' lang='lat' dir='ltr'><strong>quod</strong></span> <span class='ocrx_word' id='word_1_242' title='bbox 1096 3664 1246 3727; x_wconf 78' lang='lat' dir='ltr'><strong>nonsatis</strong></span> <span class='ocrx_word' id='word_1_243' title='bbox 1261 3684 1277 3727; x_wconf 90' lang='lat' dir='ltr'><strong>a</strong></span> <span class='ocrx_word' id='word_1_244' title='bbox 1291 3662 1459 3745; x_wconf 87' lang='lat' dir='ltr'><strong>legislatore</strong></span> <span class='ocrx_word' id='word_1_245' title='bbox 1472 3682 1545 3746; x_wconf 89' lang='lat' dir='ltr'><strong>pro·</strong></span> 
     </span>
    </p>
   </div>
   <div class='ocr_carea' id='block_1_7' title="bbox 304 3756 1549 4671">
    <p class='ocr_par' dir='ltr' id='par_1_8' title="bbox 304 3756 1549 4671">
     <span class='ocr_line' id='line_1_30' title="bbox 385 3756 1548 3849; baseline 0.004 -25"><span class='ocrx_word' id='word_1_246' title='bbox 385 3762 479 3825; x_wconf 82' lang='lat' dir='ltr'><strong>risum</strong></span> <span class='ocrx_word' id='word_1_247' title='bbox 493 3772 587 3839; x_wconf 86' lang='lat' dir='ltr'><strong>esset,</strong></span> <span class='ocrx_word' id='word_1_248' title='bbox 605 3783 641 3827; x_wconf 89' lang='lat' dir='ltr'><strong>ne</strong></span> <span class='ocrx_word' id='word_1_249' title='bbox 656 3765 774 3846; x_wconf 87' lang='lat' dir='ltr'><strong>quando</strong></span> <span class='ocrx_word' id='word_1_250' title='bbox 789 3766 975 3841; x_wconf 83' lang='lat' dir='ltr'><strong>turbaretur,</strong></span> <span class='ocrx_word' id='word_1_251' title='bbox 995 3768 1057 3830; x_wconf 83' lang='lat' dir='ltr'><strong>siue</strong></span> <span class='ocrx_word' id='word_1_252' title='bbox 1076 3766 1161 3849; x_wconf 91' lang='lat' dir='ltr'><strong>quod</strong></span> <span class='ocrx_word' id='word_1_253' title='bbox 1172 3756 1294 3831; x_wconf 81' lang='lat' dir='ltr'><strong>oinnino</strong></span> <span class='ocrx_word' id='word_1_254' title='bbox 1310 3764 1475 3849; x_wconf 75' lang='lat' dir='ltr'><strong>praecaveri</strong></span> <span class='ocrx_word' id='word_1_255' title='bbox 1490 3766 1548 3829; x_wconf 87' lang='lat' dir='ltr'><strong>hoo</strong></span> 
     </span>
     <span class='ocr_line' id='line_1_31' title="bbox 385 3864 1548 3953; baseline 0.005 -28"><span class='ocrx_word' id='word_1_256' title='bbox 385 3864 493 3927; x_wconf 88' lang='lat' dir='ltr'><strong>malum</strong></span> <span class='ocrx_word' id='word_1_257' title='bbox 514 3864 544 3927; x_wconf 91' lang='lat' dir='ltr'><strong>in</strong></span> <span class='ocrx_word' id='word_1_258' title='bbox 562 3866 684 3948; x_wconf 89' lang='lat' dir='ltr'><strong>longum</strong></span> <span class='ocrx_word' id='word_1_259' title='bbox 704 3877 822 3951; x_wconf 83' lang='lat' dir='ltr'><strong>tempus</strong></span> <span class='ocrx_word' id='word_1_260' title='bbox 842 3869 987 3953; x_wconf 88' lang='lat' dir='ltr'><strong>nequiret</strong></span> <span class='ocrx_word' id='word_1_261' title='bbox 1025 3870 1117 3951; x_wconf 89' lang='lat' dir='ltr'><strong>igitur·</strong></span> <span class='ocrx_word' id='word_1_262' title='bbox 1136 3866 1328 3951; x_wconf 80' lang='lat' dir='ltr'><strong>quaecunque</strong></span> <span class='ocrx_word' id='word_1_263' title='bbox 1346 3868 1378 3931; x_wconf 92' lang='lat' dir='ltr'><strong>in</strong></span> <span class='ocrx_word' id='word_1_264' title='bbox 1395 3864 1453 3931; x_wconf 91' lang='lat' dir='ltr'><strong>hac</strong></span> <span class='ocrx_word' id='word_1_265' title='bbox 1466 3876 1548 3952; x_wconf 87' lang='lat' dir='ltr'><strong>parte</strong></span> 
     </span>
     <span class='ocr_line' id='line_1_32' title="bbox 386 3964 1547 4055; baseline 0.004 -30"><span class='ocrx_word' id='word_1_266' title='bbox 386 3964 592 4046; x_wconf 77' lang='lat' dir='ltr'><strong>disputationis</strong></span> <span class='ocrx_word' id='word_1_267' title='bbox 607 3990 623 4031; x_wconf 88' lang='lat' dir='ltr'><strong>a</strong></span> <span class='ocrx_word' id='word_1_268' title='bbox 639 3968 742 4033; x_wconf 84' lang='lat' dir='ltr'><strong>Grotio</strong></span> <span class='ocrx_word' id='word_1_269' title='bbox 756 3974 962 4054; x_wconf 87' lang='lat' dir='ltr'><strong>prolemntur,</strong></span> <span class='ocrx_word' id='word_1_270' title='bbox 983 3972 1090 4055; x_wconf 91' lang='lat' dir='ltr'><strong>partim</strong></span> <span class='ocrx_word' id='word_1_271' title='bbox 1110 3980 1144 4036; x_wconf 91' lang='lat' dir='ltr'><strong>ut</strong></span> <span class='ocrx_word' id='word_1_272' title='bbox 1161 3970 1395 4053; x_wconf 79' lang='lat' dir='ltr'><strong>aequabilitatem</strong></span> <span class='ocrx_word' id='word_1_273' title='bbox 1414 3966 1451 4033; x_wconf 89' lang='lat' dir='ltr'><strong>iis</strong></span> <span class='ocrx_word' id='word_1_274' title='bbox 1472 3978 1547 4032; x_wconf 90' lang='lat' dir='ltr'><strong>tem-</strong></span> 
     </span>
     <span class='ocr_line' id='line_1_33' title="bbox 388 4064 1546 4154; baseline 0.002 -23"><span class='ocrx_word' id='word_1_275' title='bbox 388 4066 518 4145; x_wconf 88' lang='lat' dir='ltr'><strong>poribus,</strong></span> <span class='ocrx_word' id='word_1_276' title='bbox 532 4088 660 4152; x_wconf 89' lang='lat' dir='ltr'><strong>quorum</strong></span> <span class='ocrx_word' id='word_1_277' title='bbox 675 4074 783 4138; x_wconf 79' lang='lat' dir='ltr'><strong>certior</strong></span> <span class='ocrx_word' id='word_1_278' title='bbox 796 4073 919 4139; x_wconf 78' lang='lat' dir='ltr'><strong>historia</strong></span> <span class='ocrx_word' id='word_1_279' title='bbox 933 4085 989 4151; x_wconf 87' lang='lat' dir='ltr'><strong>est,</strong></span> <span class='ocrx_word' id='word_1_280' title='bbox 1003 4076 1114 4139; x_wconf 90' lang='lat' dir='ltr'><strong>mdlam</strong></span> <span class='ocrx_word' id='word_1_281' title='bbox 1131 4074 1223 4137; x_wconf 88' lang='lat' dir='ltr'><strong>luisse</strong></span> <span class='ocrx_word' id='word_1_282' title='bbox 1234 4064 1426 4146; x_wconf 82' lang='lat' dir='ltr'><strong>demonstret,</strong></span> <span class='ocrx_word' id='word_1_283' title='bbox 1441 4070 1546 4154; x_wconf 89' lang='lat' dir='ltr'><strong>partim</strong></span> 
     </span>
     <span class='ocr_line' id='line_1_34' title="bbox 304 4170 1548 4260; baseline 0.003 -30"><span class='ocrx_word' id='word_1_284' title='bbox 304 4257 306 4260; x_wconf 16' lang='grc' dir='ltr'>Ι</span> <span class='ocrx_word' id='word_1_285' title='bbox 388 4176 420 4229; x_wconf 93' lang='lat' dir='ltr'><strong>ut</strong></span> <span class='ocrx_word' id='word_1_286' title='bbox 433 4170 586 4251; x_wconf 87' lang='lat' dir='ltr'><strong>redarguat</strong></span> <span class='ocrx_word' id='word_1_287' title='bbox 599 4193 674 4254; x_wconf 88' lang='lat' dir='ltr'><strong>quae</strong></span> <span class='ocrx_word' id='word_1_288' title='bbox 692 4174 729 4239; x_wconf 90' lang='lat' dir='ltr'><strong>de</strong></span> <span class='ocrx_word' id='word_1_289' title='bbox 741 4177 832 4241; x_wconf 79' lang='lat' dir='ltr'><strong>variis</strong></span> <span class='ocrx_word' id='word_1_290' title='bbox 851 4177 916 4242; x_wconf 86' lang='lat' dir='ltr'><strong>eius</strong></span> <span class='ocrx_word' id='word_1_291' title='bbox 936 4178 1108 4242; x_wconf 86' lang='lat' dir='ltr'><strong>retinendae</strong></span> <span class='ocrx_word' id='word_1_292' title='bbox 1127 4176 1226 4239; x_wconf 89' lang='lat' dir='ltr'><strong>modis</strong></span> <span class='ocrx_word' id='word_1_293' title='bbox 1242 4183 1329 4256; x_wconf 86' lang='lat' dir='ltr'><strong>atque</strong></span> <span class='ocrx_word' id='word_1_294' title='bbox 1344 4172 1486 4237; x_wconf 86' lang='lat' dir='ltr'><strong>institutis</strong></span> <span class='ocrx_word' id='word_1_295' title='bbox 1501 4172 1548 4235; x_wconf 89' lang='lat' dir='ltr'><strong>dii</strong></span> 
     </span>
     <span class='ocr_line' id='line_1_35' title="bbox 389 4270 1549 4361; baseline 0 -26"><span class='ocrx_word' id='word_1_296' title='bbox 389 4270 588 4347; x_wconf 73' lang='lat' dir='ltr'><strong>wnieeerunt,</strong></span> <span class='ocrx_word' id='word_1_297' title='bbox 613 4276 685 4338; x_wconf 85' lang='lat' dir='ltr'><strong>baec</strong></span> <span class='ocrx_word' id='word_1_298' title='bbox 702 4278 803 4342; x_wconf 86' lang='lat' dir='ltr'><strong>omnia</strong></span> <span class='ocrx_word' id='word_1_299' title='bbox 820 4284 902 4345; x_wconf 85' lang='lat' dir='ltr'><strong>nuno</strong></span> <span class='ocrx_word' id='word_1_300' title='bbox 919 4280 1036 4346; x_wconf 92' lang='lat' dir='ltr'><strong>silentio</strong></span> <span class='ocrx_word' id='word_1_301' title='bbox 1058 4276 1249 4361; x_wconf 87' lang='lat' dir='ltr'><strong>praetermitti</strong></span> <span class='ocrx_word' id='word_1_302' title='bbox 1268 4283 1411 4359; x_wconf 87' lang='lat' dir='ltr'><strong>possunt,</strong></span> <span class='ocrx_word' id='word_1_303' title='bbox 1438 4272 1549 4355; x_wconf 85' lang='lat' dir='ltr'><strong>quippe</strong></span> 
     </span>
     <span class='ocr_line' id='line_1_36' title="bbox 390 4374 1547 4462; baseline 0.003 -28"><span class='ocrx_word' id='word_1_304' title='bbox 390 4389 481 4452; x_wconf 90' lang='lat' dir='ltr'><strong>quum</strong></span> <span class='ocrx_word' id='word_1_305' title='bbox 504 4374 675 4441; x_wconf 87' lang='lat' dir='ltr'><strong>huiusmodi</strong></span> <span class='ocrx_word' id='word_1_306' title='bbox 697 4380 880 4447; x_wconf 84' lang='lat' dir='ltr'><strong>coniecturas</strong></span> <span class='ocrx_word' id='word_1_307' title='bbox 900 4402 1006 4447; x_wconf 88' lang='lat' dir='ltr'><strong>omnes</strong></span> <span class='ocrx_word' id='word_1_308' title='bbox 1025 4380 1171 4458; x_wconf 86' lang='lat' dir='ltr'><strong>incertas,</strong></span> <span class='ocrx_word' id='word_1_309' title='bbox 1192 4377 1428 4462; x_wconf 86' lang='lat' dir='ltr'><strong>inaequalitatem</strong></span> <span class='ocrx_word' id='word_1_310' title='bbox 1450 4384 1547 4440; x_wconf 89' lang='lat' dir='ltr'><strong>autern</strong></span> 
     </span>
     <span class='ocr_line' id='line_1_37' title="bbox 389 4474 1547 4567; baseline 0.001 -28"><span class='ocrx_word' id='word_1_311' title='bbox 389 4474 581 4563; x_wconf 78' lang='lat' dir='ltr'><strong>certissimam</strong></span> <span class='ocrx_word' id='word_1_312' title='bbox 599 4499 667 4543; x_wconf 84' lang='lat' dir='ltr'><strong>esse</strong></span> <span class='ocrx_word' id='word_1_313' title='bbox 684 4500 722 4545; x_wconf 86' lang='lat' dir='ltr'><strong>ne</strong></span> <span class='ocrx_word' id='word_1_314' title='bbox 736 4502 793 4547; x_wconf 89' lang='lat' dir='ltr'><strong>nos</strong></span> <span class='ocrx_word' id='word_1_315' title='bbox 807 4486 927 4567; x_wconf 88' lang='lat' dir='ltr'><strong>quidem</strong></span> <span class='ocrx_word' id='word_1_316' title='bbox 941 4485 1128 4561; x_wconf 78' lang='lat' dir='ltr'><strong>dlllitoamur.</strong></span> <span class='ocrx_word' id='word_1_317' title='bbox 1164 4484 1230 4549; x_wconf 84' lang='lat' dir='ltr'><strong>llos</strong></span> <span class='ocrx_word' id='word_1_318' title='bbox 1244 4500 1337 4546; x_wconf 90' lang='lat' dir='ltr'><strong>unum</strong></span> <span class='ocrx_word' id='word_1_319' title='bbox 1352 4488 1486 4561; x_wconf 84' lang='lat' dir='ltr'><strong>tangam,</strong></span> <span class='ocrx_word' id='word_1_320' title='bbox 1503 4486 1547 4541; x_wconf 88' lang='lat' dir='ltr'><strong>te·</strong></span> 
     </span>
     <span class='ocr_line' id='line_1_38' title="bbox 389 4576 1549 4671; baseline -0.003 -24"><span class='ocrx_word' id='word_1_321' title='bbox 389 4584 462 4640; x_wconf 71' lang='lat' dir='ltr'><strong>tim</strong></span> <span class='ocrx_word' id='word_1_322' title='bbox 475 4576 686 4661; x_wconf 77' lang='lat' dir='ltr'><strong>inaequalitatis</strong></span> <span class='ocrx_word' id='word_1_323' title='bbox 700 4604 717 4647; x_wconf 83' lang='lat' dir='ltr'><strong>a</strong></span> <span class='ocrx_word' id='word_1_324' title='bbox 728 4585 831 4651; x_wconf 83' lang='lat' dir='ltr'><strong>Grotio</strong></span> <span class='ocrx_word' id='word_1_325' title='bbox 842 4589 930 4653; x_wconf 84' lang='lat' dir='ltr'><strong>etiarn</strong></span> <span class='ocrx_word' id='word_1_326' title='bbox 940 4588 1080 4654; x_wconf 75' lang='lat' dir='ltr'><strong>Moenum</strong></span> <span class='ocrx_word' id='word_1_327' title='bbox 1091 4596 1209 4671; x_wconf 83' lang='lat' dir='ltr'><strong>postam</strong></span> <span class='ocrx_word' id='word_1_328' title='bbox 1219 4582 1354 4669; x_wconf 78' lang='lat' dir='ltr'><strong>produci,</strong></span> <span class='ocrx_word' id='word_1_329' title='bbox 1370 4582 1422 4665; x_wconf 90' lang='lat' dir='ltr'><strong>qui</strong></span> <span class='ocrx_word' id='word_1_330' title='bbox 1432 4580 1549 4645; x_wconf 75' lang='lat' dir='ltr'><strong>bristo·</strong></span> 
     </span>
    </p>
   </div>
   <div class='ocr_carea' id='block_1_8' title="bbox 456 4772 890 4871">
    <p class='ocr_par' dir='ltr' id='par_1_9' title="bbox 456 4772 890 4871">
     <span class='ocr_line' id='line_1_39' title="bbox 456 4772 890 4871; baseline 0.016 -20"><span class='ocrx_word' id='word_1_331' title='bbox 456 4796 499 4865; x_wconf 70' lang='lat'><strong>⁸2)</strong></span> <span class='ocrx_word' id='word_1_332' title='bbox 516 4797 762 4871; x_wconf 66' lang='lat' dir='ltr'><strong>thgeerpsll.</strong></span> <span class='ocrx_word' id='word_1_333' title='bbox 883 4772 890 4784; x_wconf 39' lang='lat'><strong>·</strong></span> 
     </span>
    </p>
   </div>
   <div class='ocr_carea' id='block_1_9' title="bbox 0 0 1908 5609">
    <p class='ocr_par' dir='ltr' id='par_1_10' title="bbox 0 0 1908 5609">
     <span class='ocr_line' id='line_1_40' title="bbox 0 0 1908 5609; baseline 0 0"><span class='ocrx_word' id='word_1_334' title='bbox 0 0 1908 5609; x_wconf 95' lang='lat' dir='ltr'><strong> </strong></span> 
     </span>
    </p>
   </div>
  </div>
 </body>
</html>
