3792 5609
854 861 984 963 ..235
1045 954 1055 959 ..

272 1073 283 1085 ·
367 1060 533 1125 'thorieum
559 1058 661 1138 ipsura
687 1054 833 1136 Cephalus
858 1052 971 1127 lubuit,
996 1050 1088 1116 xerat
1114 1070 1150 1115 er
1176 1052 1233 1116 fitia
1258 1054 1428 1135 nepos20),
1455 1050 1539 1116 euius

278 1150 282 1155 ’
366 1162 498 1245 posteri,
519 1158 708 1242 t'ephalidae‚
729 1156 883 1239 gentitiriis
903 1154 997 1219 saeris
1013 1154 1178 1236 Apollinem
1193 1155 1402 1235 eolr·hant³⁰).
1441 1156 1541 1238 Neque

362 1284 439 1327 sero
448 1264 564 1337 Dianae,
578 1258 728 1323 coniuncti
740 1258 949 1341 euaretpottiue
964 1258 1108 1331 numinis,
1124 1276 1218 1333 sarra,
1228 1257 1381 1322 sollemnia
1388 1259 1541 1323 Braurone

363 1375 397 1426 et
426 1385 446 1426 a
471 1361 685 1436 Philumenam,
715 1361 766 1443 qui
792 1360 832 1423 ihi
858 1360 1045 1437 habitabant,
1073 1367 1158 1443 gente
1180 1380 1317 1443 pagoque
1336 1360 1500 1425 celebrata³
1513 1366 1540 1439 ¹)

363 1465 484 1529 aliunde
502 1484 593 1546 qrram
613 1462 651 1527 ah
677 1462 733 1526 iltis
752 1462 845 1525 xorhi
869 1462 989 1527 aduenis
1005 1462 1163 1545 reportanda
1177 1482 1244 1527 esse
1260 1462 1366 1527 iudioo.
1404 1464 1540 1528 Ceterum

362 1567 521 1632 universae
535 1566 669 1631 Paratiae
684 1566 786 1629 itidem
802 1574 836 1628 ιιι
850 1566 958 1630 ceteris
970 1566 1080 1630 Atticae
1090 1566 1225 1648 partihus
1240 1585 1326 1647 reges
1338 1586 1374 1629 ex
1386 1566 1541 1629 Erechthi·

363 1673 473 1735 darum
494 1670 588 1752 stirpe
613 1666 780 1752 praefuisse
798 1668 913 1732 tahuhe
931 1668 1114 1751 signitieant,
1134 1687 1225 1751 quum
1246 1668 1275 1731 in
1296 1668 1443 1733 divisione
1458 1669 1541 1751 regni

363 1774 445 1839 inter
463 1772 625 1838 t’aertionis
650 1772 729 1836 titios
756 1774 830 1836 taeta
856 1773 1001 1838 Paraliam
1028 1772 1151 1839 Pallanti
1178 1772 1340 1854 contigisse
1365 1771 1541 1852 terant³³tr

365 1877 468 1960 itaque
481 1876 663 1941 l’ahautidas
679 1875 768 1939 etiam
781 1876 892 1941 Thesei
907 1888 1001 1943 aetate.
1013 1876 1129 1961 Sphotti
1142 1876 1322 1959 imperantes
1335 1874 1467 1939 ridemus
1477 1880 1490 1919 ³
1500 1877 1541 1955 ι).

363 1982 401 2044 ln
420 1980 524 2043 eadem
540 1989 639 2044 autem
654 1978 800 2043 diuisione
815 1980 929 2045 histria
943 1982 1037 2065 Lyco,
1051 1981 1124 2045 dcte
1138 1982 1247 2062 degeo,
1261 1978 1388 2062 Megaris
1403 1978 1475 2043 Niso
1492 1998 1542 2043 as-

365 2084 499 2166 signatae
514 2083 665 2146 dicuntur.
698 2084 788 2160 Quod
802 2104 896 2167 quum
913 2085 978 2148 h'isi
997 2084 1097 2168 portio
1112 2092 1194 2148 extra
1209 2082 1274 2147 illas
1289 2092 1429 2164 ‹puattuor
1444 2092 1542 2165 partes

366 2187 423 2262 sit,
450 2187 487 2249 de
512 2186 622 2269 quihus
642 2204 725 2251 nuno
744 2187 874 2270 agimus,
899 2208 917 2252 e
935 2188 1055 2271 reliquis
1073 2188 1169 2252 trihus
1190 2186 1330 2251 tratribus
1351 2205 1447 2250 unum
1466 2186 1542 2250 duas

366 2301 468 2375 partes
492 2290 643 2374 arrepsisse
662 2304 794 2375 apparot.
827 2293 974 2357 hauteur
995 2293 1074 2357 haud
1095 2292 1184 2357 duhie
1202 2293 1320 2373 Aegeus
1345 2290 1414 2367 tuit,
1439 2300 1542 2373 utpote

367 2406 539 2459 ceterorum
554 2393 708 2477 priorem,
735 2396 786 2478 qui
800 2406 829 2459 et
843 2397 936 2460 haten
951 2394 1054 2484 hahuit
1069 2414 1136 2459 eum
1152 2394 1226 2459 urhe
1240 2394 1378 2471 Athenis,
1404 2404 1433 2458 et
1448 2393 1542 2458 medi·

369 2509 536 2563 terraneam
552 2498 705 2579 regionem
727 2498 806 2561 inter
825 2500 918 2563 steten
938 2498 1142 2581 [tiaeriamque
1161 2497 1353 2562 interiectam.
1386 2498 1428 2561 lta
1447 2516 1541 2561 unum

369 2601 516 2665 hahemus
541 2602 630 2665 detae
655 2609 686 2665 et
711 2602 946 2666 mediterraneae
971 2601 1065 2685 partis
1093 2621 1191 2683 regem
1211 2600 1335 2665 hthonis
1361 2600 1541 2664 habitantem

369 2705 519 2787 simulque
539 2724 693 2767 summum
713 2706 806 2769 totius
820 2707 933 2770 Atticae
955 2704 1110 2788 imperium
1133 2714 1298 2769 tenentem:
1319 2702 1389 2766 huie
1403 2703 1541 2767 suhditos

245 2812 248 2817 ’
371 2810 501 2873 Paralius
519 2817 550 2871 et
569 2808 703 2873 Diaeriae
720 2827 822 2891 reges:
853 2818 1006 2893 praeterea
1026 2809 1112 2872 etiam
1134 2808 1267 2871 minores
1286 2806 1470 2887 singularum
1489 2826 1541 2870 ur·

370 2910 452 2976 bium
468 2911 600 2993 reputas,
613 2912 666 2975 md
680 2932 715 2975 ex
729 2913 778 2975 his
790 2913 887 2977 trihus
898 2912 1057 2977 subiectos.
1081 2914 1141 2977 Sed
1153 2912 1284 2976 [tiaeriae
1295 2930 1406 2993 regem,
1421 2911 1542 2995 Lyeuru,

370 3015 451 3079 hrari
471 3026 543 3098 post
560 3024 695 3099 teorpme
714 3035 807 3099 regno
822 3016 982 3100 spatiatum
999 3022 1142 3082 narrant³
1152 3019 1200 3097 ι),
1217 3016 1256 3080 ita
1271 3027 1305 3078 ut
1318 3016 1378 3079 duo
1394 3015 1542 3098 relinque-

371 3133 488 3193 rentur,
512 3120 629 3202 hogerus
648 3129 679 3183 et
698 3118 804 3183 Padus.
838 3120 977 3185 Pallantis
997 3132 1096 3185 autem
1116 3120 1191 3183 hlios
1207 3117 1294 3201 hugei
1316 3118 1474 3202 imperium
1489 3120 1542 3183 de-

373 3233 532 3288 trectantes
543 3224 677 3287 Theseus
692 3223 836 3288 devicisse
851 3223 968 3307 hosque
983 3236 1012 3289 et
1027 3225 1196 3309 quicunque
1210 3232 1360 3307 praeterea
1375 3223 1405 3287 in
1417 3222 1541 3305 singuiis

374 3328 493 3412 oppidis
506 3328 599 3410 reguli
613 3336 699 3393 eraut
712 3347 805 3411 regno
820 3328 937 3392 exuisse
952 3328 1068 3393 dieitm·.

456 3433 521 3495 lam
546 3451 641 3514 quum
666 3433 808 3514 quaduor
833 3442 930 3497 terrae
955 3434 1066 3497 Atticae
1091 3442 1193 3515 partos
1214 3431 1367 3497 rideamus
1392 3431 1423 3496 in
1444 3442 1542 3496 ternas

374 3554 523 3617 quamque
540 3536 690 3619 phratrias
705 3556 731 3599 s.
747 3536 881 3600 ciritates
900 3536 1039 3613 disisam,
1058 3536 1188 3619 itemque
1207 3544 1349 3618 quattuor
1362 3534 1472 3597 tuerint
1485 3556 1542 3617 po-

375 3638 435 3717 puli
453 3637 541 3702 Attici
560 3639 671 3717 trihus,
695 3658 770 3721 quas
789 3649 819 3702 et
838 3639 921 3722 ipsas
940 3639 1130 3703 Graarmatiei
1151 3638 1183 3703 in
1203 3648 1301 3703 ternas
1321 3638 1469 3723 phratrias
1489 3640 1543 3703 de·

377 3741 501 3822 arr-ipsas
531 3741 625 3806 tuisse
649 3750 811 3815 testantur,
842 3760 966 3805 neeesse
989 3750 1036 3806 est
1060 3752 1111 3806 aut
1136 3741 1324 3806 coniunctam
1352 3760 1421 3805 eum
1447 3749 1542 3805 terrae

378 3840 520 3905 divisione
533 3844 667 3907 tribuum
681 3844 910 3926 descriptionem
925 3844 1020 3908 tuisse
1034 3854 1211 3921 statuamus,
1226 3856 1286 3921 aut,
1296 3846 1356 3909 hoo
1367 3844 1393 3907 si
1404 3843 1544 3921 nolimus,

377 3944 632 4023 pmsaraueomm
648 3946 815 4011 testimonia
830 3948 919 4011 oertis
933 3949 1116 4031 argumentis
1131 3947 1308 4012 refellamus.
1336 3947 1401 4010 the
1415 3948 1543 4012 hereos

379 4055 474 4129 nuper
487 4049 582 4113 terere
596 4060 721 4114 conatus
735 4059 791 4128 est,
806 4052 859 4115 sed
874 4052 996 4129 trustra,
1011 4044 1213 4135 nreu'quidem
1227 4050 1346 4116 iudicio.
1370 4050 1454 4126 Quae
1463 4050 1542 4115 enim

311 4212 316 4219 ι
378 4196 676 4219 *nnn-nnn*

381 4268 419 4346 riv
428 4276 672 4348 adnumeremur
681 4288 771 4358 γένος,
784 4288 879 4361 δῆμον
893 4292 1034 4361 θοριιιιος,
1051 4288 1093 4341 uhi
1108 4281 1234 4356 'luridus
1244 4288 1404 4343 renueudae
1416 4304 1475 4343 esse
1486 4290 1543 4359 qui·

382 4364 441 4417 uter
453 4366 550 4419 hleiero
560 4372 714 4425 renouetur
724 4376 757 4427 de
768 4375 858 4441 pontit.
876 4376 932 4429 Λιι.
942 4391 969 4445 p.
980 4374 1023 4428 di.

448 4450 491 4513 29)
508 4449 655 4518 aputeum.
665 4456 685 4523 1,
701 4458 726 4523 9,
742 4458 768 4512 3.
785 4460 827 4527 th,
843 4460 883 4527 ts,
898 4461 921 4514 l.

448 4534 492 4599 30)
509 4534 616 4591 rame.
628 4538 648 4605 1,
659 4539 701 4607 37,
711 4542 737 4595 t.

448 4620 491 4684 31)
509 4618 581 4674 cous.
592 4620 708 4679 hutten.
721 4628 836 4683 orthon.
847 4647 873 4700 p.
884 4632 944 4684 309.
963 4632 1024 4685 lter.
1034 4628 1052 4701 i,
1065 4646 1090 4700 p.
1101 4623 1162 4684 383.
1179 4682 1185 4696 ,
1207 4628 1216 4641 ’

449 4704 492 4771 32)
510 4705 594 4759 sent
605 4706 652 4775 tn,
666 4711 689 4776 l,
701 4726 724 4779 p.
736 4712 795 4782 2³⁴,
812 4714 845 4769 es.
856 4716 887 4770 rte
899 4716 985 4771 sunit.
996 4717 1090 4769 aue..
1107 4732 1132 4785 p.
1143 4704 1216 4788 33)·
1231 4718 1238 4730 ’

449 4787 814 4857 raet-montense.
1102 4786 1105 4793 '

449 4874 492 4941 34)
509 4874 631 4932 herodot.
641 4877 661 4946 1,
674 4879 732 4935 tit.
749 4880 855 4941 Ριιιιιι.
867 4886 945 4961 tv,2‚
958 4890 984 4944 4.
