3792 5609
310 923 367 987 loei
383 941 437 986 nee
451 941 534 986 meae
548 941 692 1006 personae
706 942 771 986 esse
786 923 922 1006 intelligo.
948 923 1112 989 fontinella
1127 944 1175 988 aar
1189 923 1278 1005 igitur
1292 923 1368 988 intra
1382 941 1471 988 unam

310 1027 387 1092 illam
404 1027 601 1092 ‹rortieeturam
617 1029 696 1092 trullo
709 1029 798 1092 ruodo
811 1029 969 1112 qmlitiumu.
985 1031 1038 1093 sul
1050 1049 1123 1113 puro
1133 1029 1364 1111 grarrrmatieam.
1379 1047 1472 1113 mque

309 1153 343 1196 ex
365 1131 490 1196 tertiumsi
516 1132 657 1214 teurporis
682 1153 839 1216 remmquo
863 1135 1043 1218 prddiramm
1071 1135 1318 1217 erraueuqdatioue
1342 1135 1470 1209 doemon,

309 1238 361 1301 sed
387 1258 421 1300 m
448 1256 480 1300 re
506 1247 625 1300 rautmo
649 1238 843 1304 turrirersitatis
864 1239 982 1323 propria
1001 1250 1030 1303 et
1050 1241 1132 1322 quossi
1152 1240 1325 1304 ‹lorea-stira.
1358 1241 1471 1304 lustant

309 1342 386 1406 etaim
401 1341 470 1404 lruio
485 1341 662 1405 universitati
679 1343 833 1407 saecularia
849 1365 931 1408 serora
947 1355 1017 1426 post
1031 1363 1142 1426 pausos
1154 1365 1272 1409 ramnses
1283 1345 1470 1410 celebranda:

309 1445 465 1509 sareularia
481 1465 562 1508 saera
578 1447 663 1510 etiam
680 1447 791 1512 lloruae
807 1448 969 1519 instabant,
989 1460 1040 1512 aut
1055 1449 1225 1512 risle-leantur
1239 1450 1361 1522 instare,
1378 1469 1470 1531 «quum

310 1549 453 1629 Vergilius
474 1550 550 1612 lrauo
567 1551 696 1630 eelogaun
717 1551 869 1626 scriberet,
895 1571 1018 1633 earrrque
1041 1563 1145 1635 pentae
1164 1573 1282 1618 reusam
1303 1553 1470 1626 fuissene,

308 1673 368 1735 quu
383 1652 476 1734 magis
492 1653 541 1715 tali
557 1653 746 1735 potissimum
763 1675 868 1736 genere
889 1656 1093 1734 gratulationis
1112 1657 1190 1738 apud
1206 1657 1358 1720 eorrsulem
1372 1667 1469 1718 utere·

309 1765 365 1830 tur,
382 1755 509 1838 aurique
524 1775 558 1818 ao
574 1757 702 1820 ruelioris
718 1759 822 1822 saeculi
839 1768 989 1841 speratum
1001 1759 1154 1822 exordium
1166 1777 1233 1822 otrru
1247 1760 1329 1842 pueri
1340 1759 1470 1822 Polionis

311 1859 452 1922 eratalilms
468 1869 662 1923 connecteret

395 1961 521 2024 Obstaro
538 1962 657 2043 quidem
678 1963 748 2026 lartio
766 1965 949 2028 eonieelmae
970 1963 1037 2026 illud
1059 1966 1184 2029 tortasse
1208 1965 1365 2040 ridebitur,
1390 1966 1470 2046 quod

309 2063 443 2146 proxima
459 2064 569 2127 llornae
584 2066 740 2130 saecularia
756 2086 817 2131 nou
833 2067 929 2130 statim
953 2067 1088 2149 proximo
1103 2077 1173 2151 post
1187 2068 1320 2130 Polioais
1335 2067 1471 2130 consuls·

310 2177 372 2231 tum
389 2177 533 2247 tempore,
550 2167 601 2229 sod
617 2178 688 2248 post
702 2170 778 2233 «loos
793 2179 822 2232 et
836 2169 937 2250 uiginti
952 2169 1070 2234 deumm
1086 2190 1180 2235 annuos
1195 2172 1337 2234 retunsa
1351 2183 1430 2244 suat,
1444 2193 1470 2234 a.

310 2289 338 2332 u.
355 2290 379 2332 e.
396 2269 611 2346 uccxxxvm
630 2271 682 2334 sed
700 2272 831 2336 laaeillime
846 2275 903 2335 ltoo
917 2293 933 2334 a
949 2293 997 2336 me
1012 2275 1154 2337 remoreri
1170 2295 1261 2356 posse
1274 2295 1373 2357 spero.
1402 2275 1471 2338 lue

310 2373 371 2434 nim
388 2373 459 2435 setis
474 2381 604 2440 constat.
624 2373 660 2436 de
675 2373 760 2437 iustis
776 2375 969 2437 saecularium
984 2377 1182 2456 temporibus,
1200 2375 1332 2458 adeoque
1350 2379 1388 2438 tle
1406 2395 1472 2438 see·

311 2473 367 2536 euli
381 2473 476 2557 ipsius
492 2476 699 2556 urargailmline,
714 2478 936 2558 haudquaquam
953 2496 1040 2540 arnam
1055 2479 1133 2559 apud
1145 2479 1297 2541 llounmos
1308 2488 1475 2559 eorumque

310 2576 445 2638 uranium
460 2579 633 2641 sententiam
648 2579 751 2656 luisse,
765 2580 818 2642 sed
833 2579 910 2642 aliud
925 2579 989 2641 aliis
1004 2599 1105 2644 rerum
1120 2581 1225 2643 risum.
1254 2579 1392 2642 Claudius
1406 2579 1474 2660 qui·

310 2678 378 2739 dem
393 2678 562 2759 imperator,
577 2681 669 2744 ltomo
684 2683 817 2762 quamvis
833 2683 929 2744 latuus
944 2681 1065 2743 miniroe
1077 2692 1175 2746 tornea
1186 2681 1333 2756 indoctus,
1348 2681 1393 2745 illa
1404 2683 1473 2744 anni

313 2777 512 2843 uccxxm’lt
532 2783 689 2845 saecularia
709 2785 863 2865 anticipata
882 2783 918 2845 ab
938 2783 1096 2846 Octaviano
1120 2803 1177 2848 neo
1199 2784 1329 2864 legitimo
1348 2784 1474 2866 tempori
1554 2803 1559 2814 ·

313 2891 458 2945 reseruata
473 2903 540 2946 esse
560 2885 632 2947 dixit
643 2887 685 2964 ¹),
705 2885 829 2968 ideoque
849 2887 912 2967 ipse
931 2907 964 2948 ea
985 2886 1156 2948 instauravit
1175 2907 1202 2949 a.
1217 2905 1246 2950 u.
1262 2907 1288 2949 e.
1303 2888 1408 2961 DOEC,
1427 2907 1476 2948 se·

313 2993 422 3066 quntus
441 2985 551 3049 scilieet
569 2986 606 3049 de.
624 3007 703 3051 anuo
724 2989 806 3051 urbis
826 2989 960 3052 conditae
975 2989 1115 3052 l'arronis
1136 2989 1280 3051 rationem
1295 2989 1476 3052 doctissimis

212 3147 215 3154 .
313 3085 477 3168 quibusque
493 3087 657 3168 probatam,
671 3089 707 3154 de
723 3091 829 3154 saeculi
844 3099 942 3154 autem
959 3110 1098 3155 mensura
1111 3109 1174 3154 non
1188 3091 1366 3156 dissentiens
1381 3113 1397 3154 a
1412 3093 1476 3154 ud·

314 3188 375 3270 gari
395 3208 453 3252 usu
471 3190 623 3271 loquendi:
649 3209 717 3255 mm
737 3194 823 3273 uulgo
844 3203 962 3256 eentum
985 3212 1134 3257 annorum
1154 3194 1282 3274 spatium
1300 3215 1336 3258 eo
1355 3194 1477 3258 nomine

313 3291 490 3372 appellatum
506 3313 572 3356 esse
586 3295 657 3356 satis
672 3299 837 3373 consum).
868 3294 927 3358 Sed
948 3297 1007 3358 lroe
1026 3307 1144 3359 centum
1162 3313 1311 3359 annorum
1326 3297 1475 3359 merulam
1495 3305 1513 3355 ι

314 3413 330 3454 a
345 3393 509 3456 Censorino
525 3395 632 3460 civile
645 3396 766 3472 dieitur,
781 3395 1029 3478 ‹listinguiturque
1042 3398 1100 3460 lroe
1115 3397 1256 3458 romtmlo
1271 3416 1288 3456 a
1303 3395 1476 3468 naturali,

314 3495 397 3557 ouius
418 3512 492 3575 quae
512 3496 586 3558 ratio
608 3497 694 3560 luerit
713 3517 748 3560 ex
763 3499 956 3561 Etruseorum
976 3497 1058 3560 libris
1073 3497 1225 3560 ritualibus
1239 3495 1369 3576 exponit
1398 3495 1475 3570 Quo

314 3595 383 3666 die,
400 3596 503 3678 inquit.
517 3596 625 3661 urbes
641 3609 745 3680 utque
761 3598 926 3661 ciuitates
941 3598 1269 3668 constituerentur,
1288 3596 1330 3658 de
1344 3596 1400 3660 his
1415 3596 1477 3678 qui

314 3717 354 3760 eo
374 3697 430 3760 die
449 3698 522 3762 neti
541 3709 664 3762 essent
684 3718 760 3762 eum
781 3701 843 3780 qni
863 3697 1070 3762 diutissime
1090 3698 1242 3761 uixisset
1268 3697 1324 3761 die
1349 3697 1478 3760 mortis

315 3817 399 3862 snae
418 3799 523 3880 primi
543 3801 677 3864 saeculi
703 3801 883 3865 taedulum
908 3801 1030 3875 linire,
1054 3819 1171 3882 eoque
1193 3800 1250 3863 die
1274 3799 1479 3883 quiessent

315 3901 444 3983 reliqui
459 3901 495 3964 in
510 3901 668 3980 diritate,
686 3904 728 3966 de
742 3903 798 3968 his
813 3920 956 3967 rursum
975 3901 1052 3964 eius
1072 3911 1238 3978 mortem,
1256 3903 1317 3984 qui
1335 3901 1480 3984 longis·

290 4003 441 4067 -simsm
465 4013 617 4068 aetatem
643 4005 799 4087 egisset,
827 4005 937 4069 linem
964 4023 1045 4067 esse
1069 4003 1220 4069 secundi
1245 4004 1392 4068 saeculi
1427 4004 1482 4067 sie

316 4107 489 4188 deinceps
513 4125 653 4188 qnoque
684 4118 828 4190 tempus
859 4106 1084 4188 reliquorum
1115 4104 1327 4182 terminari3
1354 4107 1418 4170 sed
1441 4125 1480 4169 ea

317 4208 411 4292 qnod
431 4209 639 4289 ignorarent
657 4209 843 4284 homines,
870 4219 1040 4290 portentu
1059 4207 1156 4272 mitti
1176 4208 1374 4284 divinitus,
1399 4209 1482 4292 qui·

317 4313 383 4377 bns
402 4312 685 4376 admonerentur
704 4329 812 4406 unum
832 4311 998 4393 qnodque
1017 4311 1198 4376 saeculnm
1217 4331 1300 4375 esse
1324 4311 1482 4376 linitum.

390 4572 412 4637 l)
431 4573 537 4625 Sueten.
549 4571 636 4624 Claud.
649 4587 673 4623 e.
685 4569 727 4622 tt.

386 4659 412 4726 2)
431 4657 470 4710 Cl.
481 4657 565 4712 Varro
576 4659 608 4711 de
621 4657 638 4711 l.
651 4657 668 4710 l.
679 4654 721 4721 Vl,
736 4657 763 4708 ll
778 4672 803 4724 p.
816 4655 858 4708 76.
870 4653 990 4710 llueller.
1007 4655 1101 4711 Festos
1111 4656 1185 4711 usur
1194 4674 1219 4726 p.
1229 4656 1289 4712 828.
1299 4655 1335 4711 ld.
1349 4656 1483 4711 mmm.

318 4747 350 4800 de
362 4747 402 4799 die
415 4754 467 4798 net.
479 4762 502 4797 e.
518 4743 547 4798 li
560 4763 584 4814 p.
597 4746 630 4798 45
641 4752 669 4797 et
680 4742 713 4796 49
724 4743 797 4796 lehn.
850 4789 856 4804 ,

1237 4832 1281 4894 4.
