3792 5609
892 694 953 757 tlt

337 879 439 960 quales
454 877 535 943 siros
550 879 702 963 popularis
717 880 833 965 imperii
849 885 980 949 fautores
996 884 1088 949 luisse
1103 906 1245 969 perquam
1262 884 1432 952 incredibile
1443 898 1497 953 est.

336 982 413 1047 Nam
432 992 572 1049 senectus
591 984 656 1068 ipsa
675 1005 729 1069 per
744 1006 778 1049 so
793 987 992 1053 aristocratica
1007 999 1066 1065 est,
1086 1009 1139 1053 nee
1155 991 1237 1055 laeile
1253 1012 1340 1055 senes
1356 992 1497 1065 ismenias,

336 1086 393 1151 nisi
415 1089 491 1152 lorte
508 1089 715 1167 santissimos,
740 1091 791 1174 spui
813 1113 876 1157 non
894 1095 980 1174 longe
1001 1094 1149 1159 salubrius
1170 1115 1232 1160 ιιιιι
1256 1096 1402 1179 publicam
1423 1116 1496 1181 psau-

336 1211 441 1256 comm
456 1193 646 1275 prudentium
660 1196 834 1259 auctoritate
850 1218 939 1279 quam
951 1198 1149 1262 multitudinis
1161 1200 1293 1265 consiliis
1305 1201 1395 1264 niueis
1407 1220 1496 1284 saepe

336 1296 503 1361 temerariis
533 1298 735 1361 administrari
765 1300 934 1381 intelligant.
983 1303 1047 1365 lluc
1077 1304 1206 1377 aceedit,
1236 1304 1317 1387 quod
1344 1314 1495 1367 senatores

334 1400 472 1483 Spartani
503 1401 674 1483 dignitatem
705 1421 791 1466 suam
820 1414 994 1486 perpetuam
1031 1406 1198 1479 habebant,
1236 1426 1331 1490 neque
1365 1408 1494 1471 rationes

280 1589 283 1594 y
335 1504 485 1569 actionum
500 1522 623 1568 suarum
637 1506 764 1569 reddero
779 1508 970 1587 cogebantur,
987 1528 1061 1589 quae
1074 1509 1150 1573 elnae
1162 1530 1210 1572 ees
1221 1510 1357 1593 populari
1368 1511 1493 1594 imperio

334 1608 462 1683 alienae,
477 1608 679 1671 aristocratico
693 1609 832 1692 propriae
847 1620 927 1673 sunt.
950 1612 1081 1694 lienique
1094 1612 1152 1673 hoo
1167 1612 1281 1695 ipsum,
1296 1616 1376 1695 quood
1392 1614 1493 1697 populi

335 1711 482 1793 suffragiis
497 1712 683 1786 creabantur,
697 1712 763 1775 lieet
777 1712 920 1795 populare
934 1714 1076 1790 rideatur,
1091 1732 1197 1797 reapse
1214 1727 1323 1790 tameo,
1341 1716 1365 1777 si
1382 1726 1494 1777 setores

335 1814 472 1899 politicos
487 1814 635 1889 audimus,
649 1814 884 1878 aristocraticum
899 1816 1000 1898 potius
1015 1818 1174 1881 dicendum
1190 1818 1256 1881 erit.
1278 1818 1353 1881 Nasu
1366 1818 1494 1900 populus

334 1924 408 2001 (quo
419 1918 542 1981 nomine
553 1937 615 1981 non
627 1918 714 1981 istam
726 1918 894 1999 plebeculae
905 1919 1133 1994 multitudinem,
1148 1941 1237 2003 rpuam
1250 1921 1345 1985 nostri
1356 1921 1494 1984 homines

335 2022 379 2086 sic
398 2022 543 2104 appellare
563 2022 641 2086 soliti
657 2030 742 2096 sunt,
762 2024 817 2085 sed
832 2022 910 2086 eires
925 2023 1043 2105 intelligi
1058 2026 1140 2099 ιιιΙιι,
1160 2025 1261 2107 quales
1276 2024 1305 2088 in
1326 2024 1401 2087 isene
1420 2042 1494 2087 con·

335 2126 446 2191 stitutis
465 2126 555 2190 rebus
573 2125 714 2209 publicis,
734 2127 922 2209 manicaeque
942 2128 1065 2211 Spartan
1085 2128 1235 2205 luorum)
1259 2128 1389 2211 populus
1408 2127 1497 2209 igitur

334 2232 414 2295 baud
433 2231 517 2295 iacile
538 2229 613 2294 alios
632 2229 688 2293 sibi
708 2231 852 2313 praeficit,
876 2250 965 2314 speram
986 2252 1062 2314 quim
1082 2232 1162 2294 siros
1177 2231 1274 2295 leonos
1289 2241 1317 2293 et
1333 2232 1495 2313 prudentes

334 2355 402 2399 esse
417 2334 610 2418 perspexerit,
635 2334 686 2416 qui
707 2334 825 2416 spuitione
846 2354 906 2417 quo
928 2335 1066 2399 meliores
1081 2344 1109 2398 et
1124 2335 1331 2418 prudentiores
1347 2344 1432 2409 sunt,
1458 2356 1495 2397 eo

334 2439 429 2522 magis
452 2437 516 2520 regi
539 2458 556 2501 a
581 2459 614 2501 se
636 2440 796 2521 populum,
820 2457 882 2502 non
906 2438 1055 2522 irnpnrare
1079 2439 1178 2521 ipsum
1199 2440 1308 2503 debere
1328 2438 1496 2521 intelligent.
1515 2449 1545 2502 tu
1594 2434 1598 2443 '

334 2545 443 2609 Contra
462 2542 566 2627 ephori
584 2562 680 2626 neque
698 2562 733 2605 ex
752 2542 874 2627 optimis
894 2544 1084 2617 creabantur,
1107 2544 1159 2607 sed
1175 2542 1346 2626 prousiseue
1361 2564 1397 2607 ex
1414 2542 1495 2607 omui
1523 2568 1525 2573 ·

333 2649 455 2731 populo,
469 2666 565 2731 neque
578 2667 596 2711 e
610 2647 790 2724 senioribus,
801 2649 855 2711 sed
866 2647 955 2711 etiam
970 2669 1004 2711 ex
1017 2647 1191 2723 iunioribus,
1206 2647 1255 2731 qui
1272 2647 1363 2711 osredo
1379 2646 1496 2728 urigine

334 2753 421 2816 annis
436 2754 566 2816 maiores
580 2760 689 2824 essem,
704 2770 801 2832 nupue
815 2750 924 2814 cisium
939 2751 1096 2831 sullragiis,
1110 2751 1163 2814 sed
1179 2750 1236 2813 alio
1250 2751 1392 2833 ‹puerpiam
1405 2753 1496 2816 modo

333 2854 423 2918 hodie
433 2854 546 2935 ignoto,
558 2853 844 2936 quemasortitione
853 2870 916 2915 non
927 2856 1054 2917 multum
1066 2854 1196 2916 abluisse
1206 2852 1289 2916 Plato
1301 2856 1498 2931 testamen),

335 2957 462 3039 denique
475 2976 537 3020 non
552 2966 727 3038 perpetuam
742 2964 922 3038 potestatem
934 2955 1094 3029 babebant,
1116 2956 1168 3018 sed
1184 2973 1328 3028 sionnam,
1344 2976 1378 3017 ae
1393 2956 1500 3019 deinde

334 3078 441 3123 rursus
460 3060 565 3141 privati
586 3060 695 3122 debant
708 3069 738 3121 et
751 3059 790 3122 ad
805 3058 964 3140 populum,
984 3060 1063 3120 unde
1079 3056 1226 3129 exierant,
1246 3056 1394 3119 redibant:
1423 3077 1499 3140 quae

336 3162 438 3225 omnio
456 3161 604 3225 eiusmodi
623 3170 706 3236 sunt,
731 3171 766 3223 ut
784 3160 920 3243 populari
940 3160 1041 3242 potius
1060 3181 1150 3243 quam
1171 3160 1358 3242 optimatium
1376 3160 1499 3241 imperio

334 3266 415 3329 hunc
429 3265 633 3346 magistratum
649 3264 907 3328 accommodatum
923 3263 1015 3326 luisse
1035 3272 1183 3345 spoliarent.
1220 3264 1354 3325 Ceterum
1375 3261 1497 3324 historia

336 3370 436 3446 docet,
462 3368 547 3451 ipsos
567 3388 686 3450 quoque
704 3368 836 3451 eplroroe
854 3367 1084 3448 haudquaquam
1105 3366 1135 3430 id
1156 3366 1225 3428 eniti
1242 3366 1346 3429 solitos
1360 3383 1441 3436 osse,
1465 3370 1497 3424 ut

336 3472 437 3587 pepedi
453 3480 629 3553 potestatem
645 3487 736 3553 supera
752 3472 875 3534 modum
891 3478 1048 3549 augerent,
1068 3468 1122 3529 sed
1138 3475 1251 3530 tantum
1267 3465 1449 3547 prouidisse,
1464 3475 1496 3527 ut

336 3573 384 3635 ius
410 3591 499 3636 suum
525 3572 638 3655 populo
665 3579 816 3633 tuerentur
840 3578 870 3631 et
894 3578 1116 3641 conservarent,
1147 3568 1330 3648 maximeque
1356 3575 1389 3629 ut
1412 3586 1496 3647 reges

336 3684 520 3747 coercerent,
535 3674 680 3755 populum
695 3679 795 3735 autem
807 3691 843 3734 eo
857 3679 1031 3733 contentum
1048 3668 1147 3743 lesisse,
1164 3670 1244 3750 quod
1261 3659 1425 3745 cuilibet‘ex
1441 3688 1496 3730 suo

336 3794 462 3839 numero
478 3775 576 3837 editus
590 3775 628 3837 ad
643 3775 724 3837 bunc
737 3774 942 3855 magistratum
958 3782 1080 3854 pateret,
1096 3768 1313 3854 anepolioresque'
1327 3746 1384 3832 sibi
1398 3779 1498 3852 prertes

336 3877 367 3944 in
382 3878 614 3943 administranda
629 3876 790 3959 republica
805 3893 867 3938 non
882 3874 1105 3957 depoposcisse.
1129 3874 1188 3937 Sed
1202 3874 1276 3936 becc
1290 3870 1402 3935 obiter.
1418 3888 1499 3936 nunc

336 3983 367 4047 in
378 3983 456 4047 dam
470 3981 658 4045 revertimur.

423 4085 579 4151 Loebellus
605 4083 708 4168 igitur,
734 4094 834 4169 spreta
858 4048 946 4146 etiam
973 4080 1094 4146 Amoldi
1120 4076 1281 4153 sententia,
1311 4096 1387 4162 quae
1410 4078 1498 4141 nobis

337 4191 458 4277 quidem
484 4192 620 4254 omnium
645 4188 767 4253 minime
786 4187 953 4271 spernenda
972 4184 1065 4249 luisse
1085 4181 1212 4257 videtur,
1237 4194 1393 4265 postremo
1412 4182 1447 4246 G.
1467 4182 1499 4245 G

337 4293 478 4361 badonici
504 4328 547 4342 -
571 4292 684 4376 englioa
709 4291 841 4357 nominis
867 4294 963 4355 torma
988 4287 1083 4351 lewis
1108 4296 1154 4349 est
1179 4320 1221 4333 -
1246 4286 1498 4369 praestabiliorem

338 4400 485 4466 rationem
499 4417 568 4463 esse
587 4396 705 4462 iudicet.
743 4393 772 4459 ls
787 4394 867 4458 enim
881 4393 1034 4457 llomoeos
1049 4389 1236 4473 optimatium
1252 4390 1402 4471 quendam
1417 4389 1498 4453 ordi·

327 4519 407 4574 ,nem
421 4500 515 4567 luisse
526 4498 642 4573 steterit
669 4496 774 4563 ueteris
789 4494 900 4560 civibus
916 4491 1071 4577 Spartanis
1086 4492 1327 4566 eminentiorem,
1352 4512 1389 4557 ex
1403 4510 1499 4611 eoque

338 4640 409 4657 utu·-
459 4639 611 4665 *του--

411 4642 457 4770 m
470 4702 549 4772 μη.
560 4640 657 4770 nuti.
649 4718 693 4773 ..p
685 4700 764 4754 ,ιιι
787 4696 1168 4763 comm-reuomente
1180 4696 1240 4750 ss.
1252 4714 1277 4766 p
1292 4696 1349 4750 ιιι.
