3792 5609
833 688 893 753 125

759 777 872 787 o—-oa
892 779 900 786 n
913 777 960 786 0-—

277 886 312 941 ut
324 875 413 940 etiam
427 872 532 959 privati
547 872 620 940 iuris
634 875 876 940 communionem
890 876 1058 941 amitterent
1072 892 1256 959 prorsusque
1267 871 1299 937 in
1312 872 1443 955 peregri·

278 1000 386 1045 norum
403 978 603 1044 conditionem
619 981 851 1045 detruderentur.
880 980 974 1044 Tanta
989 980 1068 1043 enim
1083 979 1227 1043 sclrersus
1238 986 1442 1061 paupertatem

279 1082 480 1149 inhumanitas
496 1103 589 1168 quum
603 1084 669 1169 ipsa
683 1105 784 1169 perse
798 1104 903 1169 pamm
919 1084 1064 1148 credibilis
1081 1084 1129 1155 ait,
1145 1091 1207 1147 tum
1220 1102 1281 1145 non
1294 1081 1442 1163 signitica-

280 1200 328 1253 tur
342 1188 507 1253 Aristotelis
522 1190 634 1265 serbis,
654 1190 801 1272 siquidem
820 1184 881 1277 τῆν
897 1180 1073 1252 πολιτείαν
1091 1206 1307 1269 normunquam
1328 1184 1354 1248 is
1373 1184 1443 1247 dicit

280 1295 317 1357 de
332 1293 446 1378 optimo
462 1294 525 1358 iure
539 1294 678 1369 eis-imis,
700 1313 760 1377 quo
780 1293 831 1376 qui
851 1302 951 1357 carent
970 1283 1033 1371 ἔξω
1048 1294 1107 1379 τῆς
1122 1282 1296 1367 πολιτείας
1314 1310 1382 1353 esse
1395 1289 1442 1352 di·

279 1407 655 1482 cuntur‚opponunturque
663 1398 736 1475 τοῖς
744 1391 779 1462 ἐν
786 1388 1442 1484 rqierodrseipow⁰l.-Cetorurneomrrr,

279 1502 329 1584 qui
344 1512 466 1585 propter
480 1504 653 1568 huiusmodi
668 1522 773 1567 causas
787 1522 823 1567 er
839 1500 982 1565 llomoeis
997 1500 1179 1573 dicerentur,
1194 1500 1266 1582 quin
1277 1498 1366 1563 eliam
1377 1497 1441 1561 dri·

280 1607 393 1671 stotelis
403 1608 587 1691 temporibus
597 1608 774 1691 perexiguus
784 1622 927 1670 nurrrerus
937 1604 1024 1668 luerit
1034 1623 1096 1668 non
1107 1615 1153 1668 est
1166 1605 1247 1686 qnod
1263 1602 1441 1667 dubitemus.

280 1712 398 1787 Quotus
421 1711 501 1775 enim
525 1712 652 1795 optrisepre
670 1710 747 1774 inter
760 1709 925 1794 Spartanos
945 1718 1005 1772 tam
1026 1708 1149 1790 ignarus
1169 1708 1262 1772 luisse
1281 1706 1442 1791 putabitur,

280 1814 331 1896 qui
350 1834 412 1878 non
431 1815 519 1898 longe
538 1815 636 1878 mallet
656 1812 828 1896 disciplinae
846 1812 984 1876 duritiem
1000 1816 1141 1896 perd-rra.
1162 1831 1252 1895 quam
1269 1810 1341 1875 iuris
1356 1819 1444 1892 atque

280 1919 405 1982 lionoris
425 1918 569 1981 iacturam
589 1920 698 1987 lacere.
722 1916 902 2000 humilisque
922 1928 952 1980 et
967 1927 1154 1999 conlemptus
1173 1916 1250 1979 inter
1267 1936 1321 1977 cos
1342 1914 1444 1979 emere

281 2040 408 2104 quorum
424 2039 479 2104 par
492 2042 560 2084 esse
573 2018 743 2103 poenineat
771 2020 872 2103 Neque
882 2019 976 2102 inagis
988 2029 1109 2103 propter
1120 2028 1322 2105 paupertatem
1335 2017 1445 2081 rarullos

281 2134 414 2188 remotos
435 2144 503 2187 esse
522 2126 687 2188 credemus.
728 2124 803 2187 bam
818 2124 953 2206 quannis
967 2141 1073 2205 nragna
1088 2124 1236 2187 bonorum
1252 2120 1444 2202 inaequalitas

281 2228 354 2291 satis
368 2236 484 2290 mature
499 2226 529 2289 in
544 2226 688 2291 civitatem
700 2226 877 2310 irrepsisset.
891 2246 1114 2310 paucorumque
1125 2247 1199 2309 opes
1211 2226 1336 2307 anqdae‚
1352 2222 1444 2307 pluri·

281 2350 400 2393 morum
425 2339 529 2393 bnues
554 2330 705 2393 facultates
723 2338 839 2404 essent,
864 2339 963 2391 tamon
985 2339 1054 2393 ante
1073 2338 1225 2411 postrema
1246 2328 1288 2391 rei
1312 2326 1446 2409 publicae

283 2443 417 2516 tempora
435 2432 482 2495 rix
502 2432 592 2496 unius
612 2440 664 2495 aut
682 2432 802 2497 alterius
821 2453 868 2497 res
888 2433 1039 2496 lanrilian's
1061 2442 1121 2495 lam
1141 2432 1247 2495 albiola
1267 2430 1335 2507 luit,
1355 2440 1388 2491 ut
1407 2447 1445 2490 no

282 2536 408 2599 modic-is
434 2535 553 2618 quidem
579 2535 768 2617 spasitiorum
793 2536 938 2617 impensis
965 2538 1122 2599 audieerat.
1163 2534 1266 2615 b'equo
1291 2534 1349 2595 boe
1375 2530 1446 2595 dicit

282 2639 453 2701 Aristoteles
473 2660 510 2701 eo
530 2656 618 2719 quem
638 2638 853 2721 adscripsimus
866 2639 947 2701 loeo:
967 2639 1084 2702 difficile
1099 2638 1190 2702 luisse
1205 2637 1244 2700 nit
1259 2634 1445 2719 pauperiori-

283 2742 341 2805 bus
356 2752 509 2825 sumptum
525 2741 606 2805 illum
621 2742 756 2815 tolerare,
771 2742 898 2824 ideoque
911 2740 1011 2806 arlinus
1026 2741 1257 2805 democraticum
1274 2739 1344 2803 illud
1358 2739 1446 2803 iusti·

282 2854 379 2909 tratum
394 2866 461 2910 esso
476 2845 593 2920 iudicat,
607 2844 716 2928 quippe
727 2864 820 2929 quum
830 2845 948 2927 prasius
959 2845 1140 2929 pauperibus
1152 2865 1241 2929 equam
1252 2843 1447 2926 locupletibus

282 2969 361 3014 onus
382 2951 599 3033 imponeretum
618 2958 649 3011 at
666 2968 792 3031 promus
813 2950 943 3033 impares
964 2948 1047 3013 oneri
1068 2950 1191 3013 terendo
1206 2968 1244 3013 ne
1258 2968 1311 3013 eos
1326 2948 1447 3031 quidem

283 3055 375 3119 luisse
386 3055 619 3137 signiticatquos
634 3044 710 3115 λίαν
724 3046 870 3139 πένητας
883 3054 1017 3138 appellat.
1049 3054 1164 3130 Quodsi
1175 3064 1274 3117 tamen
1285 3054 1446 3117 nonnullos

283 3156 413 3240 impares
428 3156 521 3221 lteisse
536 3156 698 3233 sumimus,
713 3157 770 3221 bos
784 3175 847 3220 non
862 3156 921 3221 iam
936 3158 1098 3221 adruodurn
1114 3178 1275 3241 pauperes,
1290 3158 1343 3221 sed
1359 3175 1447 3240 pror·

283 3279 337 3323 sus
356 3278 466 3343 egenos
491 3272 522 3324 ot
540 3260 694 3325 mendieos
715 3260 772 3323 diei
793 3260 961 3336 conveniet,
986 3261 1081 3343 qualis
1100 3260 1265 3325 Aristotelis
1284 3271 1377 3324 aetate
1394 3269 1445 3323 aut

282 3365 566 3439 antemuralem
579 3363 735 3446 pauciores
745 3363 838 3427 luisse
848 3364 1034 3441 arbitramur,
1047 3382 1134 3445 quam
1146 3364 1197 3445 qui
1208 3356 1313 3448 δήμου
1323 3362 1445 3427 nomine
1465 3372 1498 3423 lu

283 3467 376 3531 abeo
396 3468 544 3550 designari
564 3466 735 3549 opponique
754 3466 945 3549 optimatibus
966 3468 1027 3530 sire
1047 3461 1162 3542 καλοῖς
1175 3456 1341 3549 κάγαθοῖς
1354 3474 1445 3549 potu·

283 3570 369 3635 erint.
405 3570 482 3635 Nam
506 3579 625 3635 auctum
644 3568 827 3652 paupertatis
847 3570 957 3633 malum
976 3580 1006 3633 et
1026 3568 1063 3633 ad
1082 3576 1239 3650 egestatem
1259 3587 1355 3651 usque
1374 3590 1446 3653 pro·

283 3694 420 3756 gressum
434 3682 481 3737 est
494 3683 565 3757 post
578 3672 712 3756 Epitadei
727 3672 847 3736 demum
861 3672 965 3755 legem,
980 3691 1066 3755 quae,
1083 3672 1151 3735 lieet
1164 3672 1312 3756 antiquior
1326 3674 1366 3738 sit
1379 3674 1446 3738 bri·

285 3779 403 3853 stotele‚
421 3788 521 3842 tamen
540 3775 714 3841 brevissimo
729 3784 797 3841 ante
810 3776 891 3841 buno
905 3786 1039 3859 tempore
1053 3778 1162 3860 predata
1176 3796 1244 3840 osse
1258 3776 1395 3843 ridetur²
1407 3786 1414 3824 ¹
1424 3784 1447 3855 l,

283 3881 387 3964 risque
401 3880 466 3945 eius
479 3881 646 3965 perniciosa
660 3880 824 3963 posteriore
838 3881 959 3946 dentum
972 3890 1066 3945 aetate
1080 3880 1165 3964 plane
1181 3884 1333 3964 patebrota,
1354 3902 1446 3966 quum

353 4118 396 4183 2⁰)
414 4116 473 4171 vu.
489 4116 565 4174 Petit.
577 4120 610 4187 V,
620 4122 645 4186 ἵ,
656 4124 683 4175 tr.
698 4124 756 4175 edd.
772 4120 805 4185 V,
818 4122 878 4187 1‚tt.
893 4124 919 4189 t,
931 4128 956 4175 s.
973 4122 1014 4188 lll,
1026 4123 1051 4189 l,
1066 4124 1089 4178 l.
1106 4124 1131 4191 b,
1148 4125 1171 4180 1.
1186 4122 1230 4189 Ν,
1250 4126 1324 4190 lb,tr.
1342 4125 1374 4191 V,
1386 4126 1411 4192 b,
1423 4126 1449 4180 5.

284 4202 323 4257 ci.
335 4211 364 4257 et
378 4203 517 4258 Tittnsss.
533 4206 656 4262 bamtsll.
670 4209 695 4261 cl.
712 4208 860 4275 sriscbiseb.
876 4208 1029 4261 susurret.
1046 4225 1070 4277 p.
1079 4210 1138 4273 bau,
1150 4210 1193 4263 ur.
1222 4210 1307 4279 Atque
1318 4212 1365 4263 boc
1375 4212 1449 4264 noro

285 4288 361 4341 stis·
373 4289 435 4342 illud
448 4289 560 4344 Eteoelis
571 4294 658 4363 ephori
669 4293 763 4346 diets·
775 4292 964 4358 intelligendum
981 4294 1032 4357 erit
1042 4295 1106 4363 spat
1119 4294 1248 4348 Plutarch.
1260 4297 1386 4365 Apoplatb.
1399 4296 1450 4349 la·

286 4388 341 4425 eoa.
355 4380 415 4426 toan.
424 4372 453 4427 ll.
465 4391 490 4443 p.
505 4375 553 4428 los
564 4376 690 4430 'l'aaelrnr
704 4372 776 4448 perri
789 4374 838 4445 τὴν
849 4372 962 4447 Ἄγιδος
973 4364 1058 4445 ἧτταν
1069 4374 1196 4451 ὁμήρους
1206 4382 1353 4439 atracinus
1361 4375 1449 4434 :rnr-

286 4452 399 4530 mirpau
408 4454 581 4527 transirem
592 4460 707 4529 naidas,
718 4456 860 4530 Ἐτεοκλῆς
870 4458 1016 4535 ἐφορεύων
1025 4460 1101 4519 eina·
1113 4464 1222 4523 παῖδας
1227 4465 1284 4537 pir
1294 4459 1329 4519 osi
1337 4460 1449 4528 δύσειν.

286 4540 334 4596 tn
349 4538 390 4615 pir
407 4536 577 4599 suoram·
587 4546 723 4616 pir-mr
738 4546 788 4613 sair
802 4548 925 4619 arreptor
939 4542 1065 4621 ἀγωγῆς·
1087 4542 1293 4618 &minorare
1310 4545 1367 4623 γὰρ
1382 4546 1449 4605 odet

285 4626 404 4681 nolim
414 4624 452 4683 ἂν
463 4630 569 4698 elqssr,
580 4632 613 4683 ds
624 4648 673 4701 qao
685 4632 743 4685 less
753 4631 787 4685 et.
799 4632 935 4685 lissum
945 4634 1032 4703 Anth.
1046 4632 1140 4689 hess.
1153 4652 1177 4705 p.
1190 4634 1248 4691 tto.
1335 4678 1337 4683 .

355 4712 399 4779 tl)
416 4712 484 4767 dats
496 4714 660 4771 mustela
671 4718 736 4771 baso
746 4718 828 4785 loss-
839 4716 963 4787 μήκει
975 4734 1033 4774 sare
1044 4728 1115 4792 patet
1125 4737 1141 4775 e
1152 4720 1303 4789 Psbtllb,
1313 4721 1360 4775 lbr
1368 4714 1449 4776 aas·
