3792 5609
700 2013 1055 2110 sternumenta.

380 2305 645 2396 Quemadmodum
660 2339 767 2403 nuper,
786 2319 1027 2396 enarrationes,
1047 2319 1177 2383 elnonem
1192 2320 1395 2404 Aristophanis
1406 2314 1449 2377 lo·
1467 2314 1483 2367 ³

293 2445 397 2489 coruru
418 2424 620 2508 interpretatio
640 2424 671 2487 in
687 2442 858 2488 sennonem
874 2425 911 2486 tie
925 2423 1050 2486 naribus
1064 2424 1292 2488 Atheniensium
1307 2445 1354 2488 me
1367 2419 1454 2486 Aetiu-

293 2529 348 2605 nit,
364 2530 403 2592 iio
418 2547 498 2592 nune
512 2545 631 2611 quoquo
646 2527 683 2592 eie
697 2527 764 2590 nasi
779 2526 908 2609 quatiam
924 2526 1016 2590 Attica
1030 2526 1068 2589 aei
1083 2545 1138 2588 sos
1152 2526 1309 2603 disserant,
1324 2547 1386 2593 non
1398 2533 1466 2608 qut)

293 2643 345 2697 aut
370 2653 424 2715 ego
451 2631 510 2696 boe
534 2651 635 2697 rerum
659 2649 767 2714 genere
786 2630 946 2713 praecipue
966 2629 1092 2693 delecter
1111 2638 1162 2693 aut
1180 2631 1307 2695 lectores
1327 2614 1472 2697 rteteetzfi

294 2737 428 2811 credam,
452 2737 503 2798 seri
523 2735 666 2818 quoniam
686 2755 721 2798 on
742 2733 956 2797 molestissimo
971 2735 1127 2798 oculorum
1142 2734 1250 2798 morito
1265 2736 1313 2799 rix
1328 2737 1474 2799 canisio·

294 2839 388 2905 seenti
402 2857 466 2904 uon
477 2839 597 2903 cantitat
610 2839 670 2902 hoe
684 2847 819 2922 tempore
834 2837 912 2900 aiimi
927 2837 1051 2902 uberius
1065 2847 1117 2902 aut
1130 2838 1289 2903 iucumiius
1304 2848 1476 2923 argument·

295 2944 358 3006 tuin
379 2941 620 3024 circumspicere,
646 2941 697 3004 secl
719 2939 919 3023 arripiendum
940 2951 1004 3005 erat
1023 2943 1105 3024 quot
1124 2944 1253 3006 maxime
1271 2944 1301 3007 in
1320 2946 1476 3027 pronqrttt

293 3047 440 3112 habebam
455 3055 484 3110 et
499 3047 624 3110 minimo
639 3045 740 3108 lairere
754 3043 991 3126 brevissimoque
1007 3056 1143 3127 temnere
1156 3047 1268 3108 atsotet
1279 3067 1297 3108 a
1308 3065 1358 3109 me
1372 3051 1476 3128 qveso&

293 3151 441 3214 videbam.
467 3149 556 3213 b'atis
572 3159 671 3214 autem
687 3150 775 3223 iliius,
791 3148 828 3212 Ae
842 3167 901 3230 qua
917 3149 1052 3212 tionem
1067 3168 1146 3218 sum,
1161 3149 1273 3212 mentio
1289 3158 1369 3210 extat
1382 3133 1475 3230 aqua!

294 3254 478 3318 Herodotum
494 3253 588 3317 tiht't
603 3273 628 3316 e.
639 3253 690 3329 st,
712 3253 762 3318 ubi
778 3254 814 3316 tie
829 3251 928 3315 causis
943 3250 1011 3314 bebi
1025 3250 1071 3314 ΟΙ.
1081 3250 1196 3325 mu,
1206 3251 1243 3326 2,
1263 3271 1289 3315 a.
1304 3252 1373 3314 Chr.
1389 3251 1442 3314 tttt
1458 3285 1474 3315 9

294 3357 371 3420 inter
384 3356 581 3420 Athenienses
597 3365 626 3418 et
640 3355 797 3435 Aeginetas
813 3353 887 3434 gesti
902 3369 1055 3434 exponens
1070 3351 1142 3414 haec
1155 3355 1260 3415 refert:
1277 3345 1321 3416 Oi
1336 3348 1375 3418 δὲ
1389 3345 1473 3418 Ata

295 3463 429 3544 γινῆται
443 3492 486 3506 -
500 3492 543 3505 -
557 3451 768 3545 μεμφόμενοι
787 3455 879 3520 τοῖσι
892 3447 1113 3540 Ἀθηναίοισι
1128 3448 1185 3518 καί
1201 3446 1371 3533 ἀξιοῦντες
1384 3447 1472 3519 ἀδιν

294 3555 451 3638 κέεσθαι,
479 3549 525 3636 (ὃς
548 3551 813 3644 τιμωρησόμενοι
838 3553 917 3634 τρίς
932 3547 1139 3641 Ἀθηναίας
1162 3553 1470 3640 παρεσκευάζοιτα’

294 3658 367 3742 καί,
388 3649 427 3748 ἦν
442 3655 504 3747 γὰρ
520 3655 561 3746 rb}
577 3660 668 3724 τοῖσι
680 3650 900 3746 Ἀθηναίοισι
915 3652 1112 3745 πεντήρης
1125 3651 1187 3723 iat
1201 3652 1346 3748 Σουνίῳ,
1361 3653 1465 3746 ioxq'-

294 3784 410 3842 σαντες
429 3750 475 3828 ὦν
489 3760 535 3848 τή
543 3784 560 3825 ν
574 3754 752 3847 θεωρίδα
766 3757 809 3846 νῆ
817 3781 839 3824 α
853 3747 943 3825 εἷλον
957 3754 1087 3847 πλήρεα
1102 3752 1231 3848 ἀνδρῶν
1242 3759 1310 3826 τῶν
1322 3756 1465 3850 πρώταν

295 3856 489 3953 Ἀθηναίων
507 3860 577 3927 κτλ.
610 3866 709 3929 Locus
728 3863 929 3927 memorabilis
949 3874 980 3927 et
998 3864 1029 3927 in
1050 3883 1110 3945 emo
1126 3863 1351 3947 intemretamio
1366 3862 1460 3930 nemi·

295 3989 363 4034 nem
384 3968 481 4032 settene
499 3967 633 4031 haesis-se
652 3967 716 4032 iure
734 3966 864 4030 ruireris:
885 3967 976 4030 babet
989 3966 1068 4038 enim
1084 3965 1165 4048 quoti
1180 3968 1310 4049 peritum
1323 3968 1458 4033 lectorem

295 4089 403 4152 tttagno
430 4088 521 4151 opero
546 4068 690 4142 offendat,
718 4068 779 4130 sire
798 4053 886 4131 cerba
911 4069 1120 4131 tantummodo
1146 4079 1176 4132 et
1195 4072 1458 4136 conformationem

297 4171 457 4246 orationis,
478 4171 539 4235 sire
558 4189 621 4235 rem
638 4171 731 4252 ipsam
748 4169 898 4235 intuereris.
925 4156 992 4234 ’Hs
1005 4164 1067 4257 γὰρ
1083 4166 1123 4256 δὴ
1138 4172 1231 4236 τοῖσι
1244 4165 1459 4261 Ἀθηναίαισι

296 4268 461 4361 πεντήρης
479 4267 540 4338 ἐπὶ
558 4265 702 4359 Σαανίῳε
722 4283 787 4336 orot
805 4275 883 4336 enirn
900 4272 1121 4337 Atheniensibus
1139 4277 1356 4358 quinquereme
1374 4293 1459 4361 quoe·

296 4378 566 4442 hortensiorum.
589 4377 631 4440 ita
646 4375 735 4439 scribi
750 4375 786 4438 ab
798 4376 949 4440 Herodoto
965 4386 1028 4440 tum
1044 4377 1166 4441 demum
1181 4380 1289 4462 potuit,
1303 4380 1331 4445 si
1345 4402 1382 4446 er
1396 4381 1459 4466 piu·

296 4481 380 4546 rihm
395 4481 618 4547 Atheniensium
638 4479 901 4563 quinqueremibus
920 4496 1012 4542 unam
1031 4479 1158 4563 aliqnmn
1173 4481 1211 4546 mi
1227 4483 1356 4550 Sunium
1371 4487 1459 4550 tuisse

297 4584 484 4665 significaret,
499 4603 590 4668 quom
605 4581 770 4648 accuratius
785 4581 914 4646 indicam
928 4590 981 4646 aut
992 4585 1085 4648 nobet
1097 4593 1149 4650 aut
1162 4604 1225 4651 uon
1239 4599 1355 4672 posset
1375 4583 1460 4670 Atqui

296 4686 399 4752 statim
419 4689 574 4772 subiungit
592 4681 653 4774 reb
669 4673 821 4773 θεωρίδα
839 4681 902 4772 νῆα
921 4669 1023 4768 εἶλον,
1042 4688 1096 4753 ubi
1114 4689 1152 4756 tio
1169 4707 1230 4756 uun
1248 4711 1285 4758 ae
1302 4703 1383 4760 outa
1400 4688 1462 4759 nari

395 1817 455 1908 ne
487 1813 795 1925 euteuutuut
828 1811 995 1908 amm
1025 1815 1089 1907 m
1121 1815 1355 1911 mnenon
1662 1803 1682 3068 q
