<?xml version="1.0" encoding="UTF-8"?>
<!DOCTYPE html PUBLIC "-//W3C//DTD XHTML 1.0 Transitional//EN"
    "http://www.w3.org/TR/xhtml1/DTD/xhtml1-transitional.dtd">
<html xmlns="http://www.w3.org/1999/xhtml" xml:lang="en" lang="en">
 <head>
  <title>
</title>
<meta http-equiv="Content-Type" content="text/html;charset=utf-8" />
  <meta name='ocr-system' content='tesseract 3.04.00' />
  <meta name='ocr-capabilities' content='ocr_page ocr_carea ocr_par ocr_line ocrx_word'/>
</head>
<body>
  <div class='ocr_page' id='page_1' title='image "./opusculaacademi02schgoog_0103.png"; bbox 0 0 3792 5609; ppageno 0'>
   <div class='ocr_carea' id='block_1_1' title="bbox 917 925 1042 936">
    <p class='ocr_par' dir='ltr' id='par_1_1' title="bbox 917 925 1042 936">
     <span class='ocr_line' id='line_1_1' title="bbox 917 925 1042 936; baseline -0.024 1"><span class='ocrx_word' id='word_1_1' title='bbox 917 927 922 934; x_wconf 82' lang='lat'><em>=</em></span> <span class='ocrx_word' id='word_1_2' title='bbox 940 925 1042 936; x_wconf 67' lang='grc' dir='ltr'><strong>ι-α-ιοι,</strong></span> 
     </span>
    </p>
   </div>
   <div class='ocr_carea' id='block_1_2' title="bbox 237 1025 1649 4618">
    <p class='ocr_par' dir='ltr' id='par_1_2' title="bbox 237 1025 1649 4618">
     <span class='ocr_line' id='line_1_2' title="bbox 359 1025 1527 1110; baseline -0.003 -17"><span class='ocrx_word' id='word_1_3' title='bbox 359 1039 441 1104; x_wconf 86' lang='lat' dir='ltr'><strong>rent,</strong></span> <span class='ocrx_word' id='word_1_4' title='bbox 466 1028 618 1092; x_wconf 87' lang='lat' dir='ltr'><strong>communi</strong></span> <span class='ocrx_word' id='word_1_5' title='bbox 640 1027 742 1110; x_wconf 88' lang='lat' dir='ltr'><strong>popuii</strong></span> <span class='ocrx_word' id='word_1_6' title='bbox 761 1027 882 1091; x_wconf 86' lang='lat' dir='ltr'><strong>nomine</strong></span> <span class='ocrx_word' id='word_1_7' title='bbox 901 1036 1046 1110; x_wconf 86' lang='lat' dir='ltr'><strong>utrosque</strong></span> <span class='ocrx_word' id='word_1_8' title='bbox 1063 1025 1276 1110; x_wconf 78' lang='lat' dir='ltr'>comprehendi</span> <span class='ocrx_word' id='word_1_9' title='bbox 1294 1033 1527 1090; x_wconf 76' lang='lat' dir='ltr'><strong>commoneam</strong></span> 
     </span>
     <span class='ocr_line' id='line_1_3' title="bbox 359 1125 1526 1212; baseline -0.003 -18"><span class='ocrx_word' id='word_1_10' title='bbox 359 1132 429 1204; x_wconf 86' lang='lat' dir='ltr'><strong>init,</strong></span> <span class='ocrx_word' id='word_1_11' title='bbox 456 1131 544 1212; x_wconf 85' lang='lat' dir='ltr'><strong>idque</strong></span> <span class='ocrx_word' id='word_1_12' title='bbox 568 1129 594 1192; x_wconf 93' lang='lat' dir='ltr'><strong>si</strong></span> <span class='ocrx_word' id='word_1_13' title='bbox 621 1147 682 1192; x_wconf 90' lang='lat' dir='ltr'><strong>non</strong></span> <span class='ocrx_word' id='word_1_14' title='bbox 708 1129 805 1210; x_wconf 87' lang='lat' dir='ltr'><strong>prius,</strong></span> <span class='ocrx_word' id='word_1_15' title='bbox 832 1139 910 1194; x_wconf 75' lang='lat' dir='ltr'><strong>oenc</strong></span> <span class='ocrx_word' id='word_1_16' title='bbox 929 1129 999 1194; x_wconf 89' lang='lat' dir='ltr'><strong>indo</strong></span> <span class='ocrx_word' id='word_1_17' title='bbox 1017 1130 1055 1194; x_wconf 81' lang='lat' dir='ltr'><strong>air</strong></span> <span class='ocrx_word' id='word_1_18' title='bbox 1075 1130 1189 1210; x_wconf 75' lang='lat' dir='ltr'><strong>tegibm</strong></span> <span class='ocrx_word' id='word_1_19' title='bbox 1203 1128 1256 1192; x_wconf 81' lang='lat' dir='ltr'><strong>Xli</strong></span> <span class='ocrx_word' id='word_1_20' title='bbox 1275 1129 1441 1192; x_wconf 79' lang='lat' dir='ltr'><strong>tabularum</strong></span> <span class='ocrx_word' id='word_1_21' title='bbox 1460 1125 1526 1190; x_wconf 85' lang='lat' dir='ltr'><strong>latis</strong></span> 
     </span>
     <span class='ocr_line' id='line_1_4' title="bbox 359 1229 1527 1314; baseline -0.003 -18"><span class='ocrx_word' id='word_1_22' title='bbox 359 1236 471 1296; x_wconf 84' lang='lat' dir='ltr'><strong>iactum</strong></span> <span class='ocrx_word' id='word_1_23' title='bbox 485 1231 579 1294; x_wconf 83' lang='lat' dir='ltr'><strong>rideri</strong></span> <span class='ocrx_word' id='word_1_24' title='bbox 594 1230 682 1293; x_wconf 85' lang='lat' dir='ltr'><strong>etiarn</strong></span> <span class='ocrx_word' id='word_1_25' title='bbox 698 1229 858 1294; x_wconf 82' lang='lat' dir='ltr'><strong>Niebubrio</strong></span> <span class='ocrx_word' id='word_1_26' title='bbox 873 1231 1010 1304; x_wconf 75' lang='lat' dir='ltr'><strong>debebat,</strong></span> <span class='ocrx_word' id='word_1_27' title='bbox 1029 1230 1269 1314; x_wconf 79' lang='lat' dir='ltr'><strong>quandoquidem</strong></span> <span class='ocrx_word' id='word_1_28' title='bbox 1284 1230 1332 1293; x_wconf 88' lang='lat' dir='ltr'><strong>bis</strong></span> <span class='ocrx_word' id='word_1_29' title='bbox 1346 1230 1459 1310; x_wconf 73' lang='lat' dir='ltr'><strong>iegibus</strong></span> <span class='ocrx_word' id='word_1_30' title='bbox 1474 1247 1527 1293; x_wconf 90' lang='lat' dir='ltr'><strong>or·</strong></span> 
     </span>
     <span class='ocr_line' id='line_1_5' title="bbox 358 1333 1528 1414; baseline -0.002 -18"><span class='ocrx_word' id='word_1_31' title='bbox 358 1333 446 1396; x_wconf 87' lang='lat' dir='ltr'><strong>dines</strong></span> <span class='ocrx_word' id='word_1_32' title='bbox 468 1333 564 1397; x_wconf 86' lang='lat' dir='ltr'><strong>multo</strong></span> <span class='ocrx_word' id='word_1_33' title='bbox 590 1351 679 1414; x_wconf 81' lang='lat' dir='ltr'><strong>quam</strong></span> <span class='ocrx_word' id='word_1_34' title='bbox 705 1343 789 1398; x_wconf 87' lang='lat' dir='ltr'><strong>antea</strong></span> <span class='ocrx_word' id='word_1_35' title='bbox 813 1334 907 1414; x_wconf 70' lang='lat' dir='ltr'><strong>magis</strong></span> <span class='ocrx_word' id='word_1_36' title='bbox 933 1336 1009 1399; x_wconf 84' lang='lat' dir='ltr'><strong>inter</strong></span> <span class='ocrx_word' id='word_1_37' title='bbox 1026 1353 1060 1398; x_wconf 84' lang='lat' dir='ltr'><strong>sc</strong></span> <span class='ocrx_word' id='word_1_38' title='bbox 1082 1333 1249 1397; x_wconf 75' lang='lat' dir='ltr'><strong>citrinorum</strong></span> <span class='ocrx_word' id='word_1_39' title='bbox 1271 1333 1528 1413; x_wconf 83' lang='lat' dir='ltr'><strong>humanarumque</strong></span> 
     </span>
     <span class='ocr_line' id='line_1_6' title="bbox 358 1418 1528 1519; baseline -0.002 -19"><span class='ocrx_word' id='word_1_40' title='bbox 358 1455 460 1500; x_wconf 89' lang='lat' dir='ltr'><strong>rerum</strong></span> <span class='ocrx_word' id='word_1_41' title='bbox 480 1418 692 1499; x_wconf 83' lang='lat' dir='ltr'><strong>communione</strong></span> <span class='ocrx_word' id='word_1_42' title='bbox 711 1436 855 1512; x_wconf 83' lang='lat' dir='ltr'><strong>sociatos,</strong></span> <span class='ocrx_word' id='word_1_43' title='bbox 876 1437 1010 1519; x_wconf 82' lang='lat' dir='ltr'><strong>adeoque</strong></span> <span class='ocrx_word' id='word_1_44' title='bbox 1024 1436 1155 1500; x_wconf 74' lang='lat' dir='ltr'><strong>tritonum</strong></span> <span class='ocrx_word' id='word_1_45' title='bbox 1171 1452 1291 1518; x_wconf 78' lang='lat' dir='ltr'><strong>puorpre</strong></span> <span class='ocrx_word' id='word_1_46' title='bbox 1305 1443 1335 1498; x_wconf 88' lang='lat' dir='ltr'><strong>et</strong></span> <span class='ocrx_word' id='word_1_47' title='bbox 1349 1434 1528 1498; x_wconf 90' lang='lat' dir='ltr'><strong>tributorum</strong></span> 
     </span>
     <span class='ocr_line' id='line_1_7' title="bbox 359 1536 1527 1622; baseline -0.002 -20"><span class='ocrx_word' id='word_1_48' title='bbox 359 1539 567 1612; x_wconf 89' lang='lat' dir='ltr'><strong>comitiorum,</strong></span> <span class='ocrx_word' id='word_1_49' title='bbox 587 1557 663 1620; x_wconf 73' lang='lat' dir='ltr'><strong>(puae</strong></span> <span class='ocrx_word' id='word_1_50' title='bbox 683 1548 767 1602; x_wconf 89' lang='lat' dir='ltr'><strong>antea</strong></span> <span class='ocrx_word' id='word_1_51' title='bbox 785 1539 878 1604; x_wconf 90' lang='lat' dir='ltr'><strong>solius</strong></span> <span class='ocrx_word' id='word_1_52' title='bbox 894 1539 986 1622; x_wconf 85' lang='lat' dir='ltr'><strong>piebis</strong></span> <span class='ocrx_word' id='word_1_53' title='bbox 1006 1539 1128 1613; x_wconf 78' lang='lat' dir='ltr'><strong>fuerim,</strong></span> <span class='ocrx_word' id='word_1_54' title='bbox 1148 1538 1257 1620; x_wconf 73' lang='lat' dir='ltr'><strong>puriter</strong></span> <span class='ocrx_word' id='word_1_55' title='bbox 1275 1545 1420 1618; x_wconf 85' lang='lat' dir='ltr'><strong>utrosque</strong></span> <span class='ocrx_word' id='word_1_56' title='bbox 1434 1536 1527 1619; x_wconf 88' lang='lat' dir='ltr'><strong>parti·</strong></span> 
     </span>
     <span class='ocr_line' id='line_1_8' title="bbox 359 1638 1528 1726; baseline -0.003 -21"><span class='ocrx_word' id='word_1_57' title='bbox 359 1643 443 1726; x_wconf 84' lang='lat' dir='ltr'><strong>cipes</strong></span> <span class='ocrx_word' id='word_1_58' title='bbox 461 1643 558 1706; x_wconf 82' lang='lat' dir='ltr'><strong>iactos</strong></span> <span class='ocrx_word' id='word_1_59' title='bbox 581 1660 648 1704; x_wconf 90' lang='lat' dir='ltr'><strong>esse</strong></span> <span class='ocrx_word' id='word_1_60' title='bbox 668 1642 779 1705; x_wconf 83' lang='lat' dir='ltr'><strong>statuit</strong></span> <span class='ocrx_word' id='word_1_61' title='bbox 823 1642 1024 1720; x_wconf 74' lang='lat' dir='ltr'><strong>Quamobrem</strong></span> <span class='ocrx_word' id='word_1_62' title='bbox 1048 1643 1218 1725; x_wconf 74' lang='lat' dir='ltr'><strong>quicunqne</strong></span> <span class='ocrx_word' id='word_1_63' title='bbox 1241 1650 1312 1722; x_wconf 89' lang='lat' dir='ltr'><strong>post</strong></span> <span class='ocrx_word' id='word_1_64' title='bbox 1336 1638 1389 1702; x_wconf 83' lang='lat' dir='ltr'><strong>xu</strong></span> <span class='ocrx_word' id='word_1_65' title='bbox 1413 1639 1528 1702; x_wconf 85' lang='lat' dir='ltr'><strong>tabutas</strong></span> 
     </span>
     <span class='ocr_line' id='line_1_9' title="bbox 360 1740 1528 1830; baseline -0.007 -19"><span class='ocrx_word' id='word_1_66' title='bbox 360 1748 508 1830; x_wconf 81' lang='lat' dir='ltr'><strong>populun</strong></span> <span class='ocrx_word' id='word_1_67' title='bbox 528 1745 681 1820; x_wconf 80' lang='lat' dir='ltr'><strong>dixerunt,</strong></span> <span class='ocrx_word' id='word_1_68' title='bbox 697 1746 853 1810; x_wconf 74' lang='lat' dir='ltr'><strong>universos</strong></span> <span class='ocrx_word' id='word_1_69' title='bbox 873 1745 1004 1823; x_wconf 73' lang='lat' dir='ltr'><strong>Quirites</strong></span> <span class='ocrx_word' id='word_1_70' title='bbox 1023 1744 1135 1809; x_wconf 81' lang='lat' dir='ltr'><strong>dixisse</strong></span> <span class='ocrx_word' id='word_1_71' title='bbox 1153 1743 1278 1828; x_wconf 88' lang='lat' dir='ltr'><strong>putandi</strong></span> <span class='ocrx_word' id='word_1_72' title='bbox 1297 1750 1381 1806; x_wconf 85' lang='lat' dir='ltr'><strong>sont:</strong></span> <span class='ocrx_word' id='word_1_73' title='bbox 1403 1740 1528 1824; x_wconf 86' lang='lat' dir='ltr'><strong>ipsaque</strong></span> 
     </span>
     <span class='ocr_line' id='line_1_10' title="bbox 359 1847 1530 1932; baseline -0.005 -18"><span class='ocrx_word' id='word_1_74' title='bbox 359 1850 469 1914; x_wconf 85' lang='lat' dir='ltr'><strong>barum</strong></span> <span class='ocrx_word' id='word_1_75' title='bbox 484 1849 649 1914; x_wconf 84' lang='lat' dir='ltr'><strong>tabularum</strong></span> <span class='ocrx_word' id='word_1_76' title='bbox 664 1849 723 1926; x_wconf 81' lang='lat' dir='ltr'><strong>ier,</strong></span> <span class='ocrx_word' id='word_1_77' title='bbox 743 1867 818 1931; x_wconf 85' lang='lat' dir='ltr'><strong>quae</strong></span> <span class='ocrx_word' id='word_1_78' title='bbox 835 1850 913 1932; x_wconf 93' lang='lat' dir='ltr'><strong>apud</strong></span> <span class='ocrx_word' id='word_1_79' title='bbox 928 1850 1043 1914; x_wconf 89' lang='lat' dir='ltr'><strong>Lirium</strong></span> <span class='ocrx_word' id='word_1_80' title='bbox 1063 1851 1197 1920; x_wconf 85' lang='lat' dir='ltr'><strong>abertor,</strong></span> <span class='ocrx_word' id='word_1_81' title='bbox 1217 1857 1250 1910; x_wconf 81' lang='lat' dir='ltr'><strong>at</strong></span> <span class='ocrx_word' id='word_1_82' title='bbox 1268 1847 1458 1930; x_wconf 77' lang='lat' dir='ltr'><strong>poodeospue</strong></span> <span class='ocrx_word' id='word_1_83' title='bbox 1471 1863 1530 1927; x_wconf 86' lang='lat' dir='ltr'><strong>po·</strong></span> 
     </span>
     <span class='ocr_line' id='line_1_11' title="bbox 237 1948 1529 2037; baseline -0.006 -18"><span class='ocrx_word' id='word_1_84' title='bbox 237 1985 239 1990; x_wconf 96' lang='lat'>·</span> <span class='ocrx_word' id='word_1_85' title='bbox 360 1965 503 2019; x_wconf 75' lang='lat' dir='ltr'><strong>stremms</strong></span> <span class='ocrx_word' id='word_1_86' title='bbox 525 1952 653 2037; x_wconf 81' lang='lat' dir='ltr'><strong>proprius</strong></span> <span class='ocrx_word' id='word_1_87' title='bbox 671 1956 796 2016; x_wconf 69' lang='lat' dir='ltr'><strong>insumet</strong></span> <span class='ocrx_word' id='word_1_88' title='bbox 813 1953 845 2016; x_wconf 84' lang='lat' dir='ltr'><strong>id</strong></span> <span class='ocrx_word' id='word_1_89' title='bbox 862 1955 910 2016; x_wconf 81' lang='lat' dir='ltr'><strong>iae</strong></span> <span class='ocrx_word' id='word_1_90' title='bbox 928 1965 1081 2036; x_wconf 78' lang='lat' dir='ltr'><strong>rmampue</strong></span> <span class='ocrx_word' id='word_1_91' title='bbox 1099 1963 1184 2024; x_wconf 73' lang='lat' dir='ltr'><strong>urst,</strong></span> <span class='ocrx_word' id='word_1_92' title='bbox 1204 1967 1268 2014; x_wconf 92' lang='lat' dir='ltr'><strong>non</strong></span> <span class='ocrx_word' id='word_1_93' title='bbox 1282 1950 1390 2025; x_wconf 87' lang='lat' dir='ltr'><strong>solum,</strong></span> <span class='ocrx_word' id='word_1_94' title='bbox 1410 1948 1529 2032; x_wconf 89' lang='lat' dir='ltr'><strong>opinor,</strong></span> 
     </span>
     <span class='ocr_line' id='line_1_12' title="bbox 363 2053 1649 2142; baseline -0.005 -20"><span class='ocrx_word' id='word_1_95' title='bbox 363 2059 402 2122; x_wconf 84' lang='lat' dir='ltr'><strong>ad</strong></span> <span class='ocrx_word' id='word_1_96' title='bbox 427 2067 547 2142; x_wconf 87' lang='lat' dir='ltr'><strong>patrum</strong></span> <span class='ocrx_word' id='word_1_97' title='bbox 578 2057 781 2131; x_wconf 72' lang='lat' dir='ltr'><strong>auctoritates,</strong></span> <span class='ocrx_word' id='word_1_98' title='bbox 813 2057 912 2138; x_wconf 78' lang='lat' dir='ltr'><strong>quoles</strong></span> <span class='ocrx_word' id='word_1_99' title='bbox 938 2057 1067 2120; x_wconf 67' lang='lat' dir='ltr'><strong>cumane</strong></span> <span class='ocrx_word' id='word_1_100' title='bbox 1091 2057 1171 2138; x_wconf 74' lang='lat' dir='ltr'><strong>teges</strong></span> <span class='ocrx_word' id='word_1_101' title='bbox 1196 2053 1358 2117; x_wconf 85' lang='lat' dir='ltr'><strong>b&#39;iebnbrio</strong></span> <span class='ocrx_word' id='word_1_102' title='bbox 1384 2053 1530 2126; x_wconf 86' lang='lat' dir='ltr'><strong>ridentur,</strong></span> <span class='ocrx_word' id='word_1_103' title='bbox 1646 2119 1649 2127; x_wconf 62' lang='grc'>,</span> 
     </span>
     <span class='ocr_line' id='line_1_13' title="bbox 363 2156 1530 2242; baseline -0.007 -17"><span class='ocrx_word' id='word_1_104' title='bbox 363 2161 418 2225; x_wconf 75' lang='lat' dir='ltr'><strong>oeci</strong></span> <span class='ocrx_word' id='word_1_105' title='bbox 443 2162 481 2225; x_wconf 90' lang='lat' dir='ltr'><strong>ad</strong></span> <span class='ocrx_word' id='word_1_106' title='bbox 504 2161 639 2223; x_wconf 90' lang='lat' dir='ltr'><strong>omnium</strong></span> <span class='ocrx_word' id='word_1_107' title='bbox 664 2159 851 2224; x_wconf 87' lang='lat' dir='ltr'><strong>comitiorum</strong></span> <span class='ocrx_word' id='word_1_108' title='bbox 876 2161 1017 2242; x_wconf 73' lang='lat' dir='ltr'><strong>sutfragia</strong></span> <span class='ocrx_word' id='word_1_109' title='bbox 1039 2159 1185 2241; x_wconf 77' lang='lat' dir='ltr'><strong>perdocte</strong></span> <span class='ocrx_word' id='word_1_110' title='bbox 1208 2158 1329 2222; x_wconf 84' lang='lat' dir='ltr'><strong>dicetur.</strong></span> <span class='ocrx_word' id='word_1_111' title='bbox 1379 2156 1441 2219; x_wconf 86' lang='lat' dir='ltr'><strong>tam</strong></span> <span class='ocrx_word' id='word_1_112' title='bbox 1460 2173 1530 2217; x_wconf 91' lang='lat' dir='ltr'><strong>rero</strong></span> 
     </span>
     <span class='ocr_line' id='line_1_14' title="bbox 364 2255 1531 2346; baseline -0.008 -17"><span class='ocrx_word' id='word_1_113' title='bbox 364 2265 514 2329; x_wconf 82' lang='lat' dir='ltr'><strong>biarriana</strong></span> <span class='ocrx_word' id='word_1_114' title='bbox 531 2263 587 2327; x_wconf 86' lang='lat' dir='ltr'><strong>ista</strong></span> <span class='ocrx_word' id='word_1_115' title='bbox 606 2263 735 2327; x_wconf 81' lang='lat' dir='ltr'><strong>cannino</strong></span> <span class='ocrx_word' id='word_1_116' title='bbox 761 2282 821 2346; x_wconf 84' lang='lat' dir='ltr'><strong>quo</strong></span> <span class='ocrx_word' id='word_1_117' title='bbox 841 2273 975 2346; x_wconf 86' lang='lat' dir='ltr'><strong>tempore</strong></span> <span class='ocrx_word' id='word_1_118' title='bbox 993 2263 1159 2346; x_wconf 87' lang='lat' dir='ltr'><strong>composita</strong></span> <span class='ocrx_word' id='word_1_119' title='bbox 1178 2261 1252 2332; x_wconf 85' lang='lat' dir='ltr'><strong>sint,</strong></span> <span class='ocrx_word' id='word_1_120' title='bbox 1279 2278 1376 2342; x_wconf 80' lang='lat' dir='ltr'><strong>neque</strong></span> <span class='ocrx_word' id='word_1_121' title='bbox 1393 2277 1430 2322; x_wconf 78' lang='lat' dir='ltr'><strong>en</strong></span> <span class='ocrx_word' id='word_1_122' title='bbox 1449 2255 1531 2321; x_wconf 82' lang='lat' dir='ltr'><strong>Livio</strong></span> 
     </span>
     <span class='ocr_line' id='line_1_15' title="bbox 366 2360 1533 2448; baseline -0.006 -17"><span class='ocrx_word' id='word_1_123' title='bbox 366 2367 460 2442; x_wconf 74' lang='lat' dir='ltr'><strong>XXV,</strong></span> <span class='ocrx_word' id='word_1_124' title='bbox 484 2365 522 2429; x_wconf 81' lang='lat'><strong>12</strong></span> <span class='ocrx_word' id='word_1_125' title='bbox 541 2382 638 2447; x_wconf 83' lang='lat' dir='ltr'><strong>noque</strong></span> <span class='ocrx_word' id='word_1_126' title='bbox 657 2365 772 2428; x_wconf 87' lang='lat' dir='ltr'><strong>aliunde</strong></span> <span class='ocrx_word' id='word_1_127' title='bbox 791 2375 980 2448; x_wconf 83' lang='lat' dir='ltr'><strong>corrrpertum</strong></span> <span class='ocrx_word' id='word_1_128' title='bbox 999 2366 1144 2428; x_wconf 86' lang='lat' dir='ltr'><strong>babemus</strong></span> <span class='ocrx_word' id='word_1_129' title='bbox 1157 2369 1199 2442; x_wconf 82' lang='lat'><strong>¹):</strong></span> <span class='ocrx_word' id='word_1_130' title='bbox 1222 2362 1421 2427; x_wconf 72' lang='lat' dir='ltr'><strong>vetustissima</strong></span> <span class='ocrx_word' id='word_1_131' title='bbox 1439 2360 1533 2425; x_wconf 80' lang='lat' dir='ltr'><strong>fuisso</strong></span> 
     </span>
     <span class='ocr_line' id='line_1_16' title="bbox 367 2465 1533 2550; baseline -0.006 -18"><span class='ocrx_word' id='word_1_132' title='bbox 367 2479 496 2540; x_wconf 82' lang='lat' dir='ltr'><strong>constat,</strong></span> <span class='ocrx_word' id='word_1_133' title='bbox 517 2487 612 2550; x_wconf 81' lang='lat' dir='ltr'><strong>neque</strong></span> <span class='ocrx_word' id='word_1_134' title='bbox 626 2467 786 2550; x_wconf 77' lang='lat' dir='ltr'>quidquam</span> <span class='ocrx_word' id='word_1_135' title='bbox 803 2467 914 2543; x_wconf 83' lang='lat' dir='ltr'><strong>obstat,</strong></span> <span class='ocrx_word' id='word_1_136' title='bbox 933 2467 1094 2550; x_wconf 83' lang='lat' dir='ltr'><strong>quorrrirrns</strong></span> <span class='ocrx_word' id='word_1_137' title='bbox 1109 2477 1177 2530; x_wconf 85' lang='lat' dir='ltr'><strong>ante</strong></span> <span class='ocrx_word' id='word_1_138' title='bbox 1191 2465 1245 2529; x_wconf 82' lang='lat' dir='ltr'><strong>xil</strong></span> <span class='ocrx_word' id='word_1_139' title='bbox 1260 2465 1373 2530; x_wconf 77' lang='lat' dir='ltr'><strong>taionias</strong></span> <span class='ocrx_word' id='word_1_140' title='bbox 1387 2472 1452 2526; x_wconf 86' lang='lat' dir='ltr'><strong>orta</strong></span> <span class='ocrx_word' id='word_1_141' title='bbox 1466 2481 1533 2526; x_wconf 90' lang='lat' dir='ltr'><strong>esse</strong></span> 
     </span>
     <span class='ocr_line' id='line_1_17' title="bbox 329 2564 1533 2652; baseline -0.007 -15"><span class='ocrx_word' id='word_1_142' title='bbox 329 2585 346 2636; x_wconf 72' lang='lat' dir='ltr'><strong>o</strong></span> <span class='ocrx_word' id='word_1_143' title='bbox 366 2574 536 2636; x_wconf 77' lang='lat' dir='ltr'><strong>credantur.</strong></span> <span class='ocrx_word' id='word_1_144' title='bbox 579 2570 665 2646; x_wconf 86' lang='lat' dir='ltr'><strong>Quod</strong></span> <span class='ocrx_word' id='word_1_145' title='bbox 683 2570 771 2650; x_wconf 84' lang='lat' dir='ltr'><strong>igitur</strong></span> <span class='ocrx_word' id='word_1_146' title='bbox 785 2570 814 2633; x_wconf 90' lang='lat' dir='ltr'><strong>in</strong></span> <span class='ocrx_word' id='word_1_147' title='bbox 828 2569 876 2632; x_wconf 89' lang='lat' dir='ltr'><strong>bis</strong></span> <span class='ocrx_word' id='word_1_148' title='bbox 887 2580 1012 2652; x_wconf 81' lang='lat' dir='ltr'><strong>praetor</strong></span> <span class='ocrx_word' id='word_1_149' title='bbox 1025 2578 1286 2638; x_wconf 83' lang='lat' dir='ltr'><strong>commemorator.</strong></span> <span class='ocrx_word' id='word_1_150' title='bbox 1301 2569 1352 2650; x_wconf 77' lang='lat' dir='ltr'><strong>poi</strong></span> <span class='ocrx_word' id='word_1_151' title='bbox 1363 2570 1411 2629; x_wconf 78' lang='lat' dir='ltr'><strong>ise</strong></span> <span class='ocrx_word' id='word_1_152' title='bbox 1421 2564 1533 2649; x_wconf 74' lang='lat' dir='ltr'><strong>populo</strong></span> 
     </span>
     <span class='ocr_line' id='line_1_18' title="bbox 364 2669 1532 2757; baseline -0.006 -20"><span class='ocrx_word' id='word_1_153' title='bbox 364 2675 513 2757; x_wconf 78' lang='lat' dir='ltr'><strong>piedeipac</strong></span> <span class='ocrx_word' id='word_1_154' title='bbox 528 2670 608 2734; x_wconf 84' lang='lat' dir='ltr'><strong>dubit</strong></span> <span class='ocrx_word' id='word_1_155' title='bbox 621 2689 781 2744; x_wconf 74' lang='lat' dir='ltr'><strong>summum,</strong></span> <span class='ocrx_word' id='word_1_156' title='bbox 801 2672 913 2734; x_wconf 89' lang='lat' dir='ltr'><strong>dictum</strong></span> <span class='ocrx_word' id='word_1_157' title='bbox 932 2671 990 2734; x_wconf 94' lang='lat' dir='ltr'><strong>boc</strong></span> <span class='ocrx_word' id='word_1_158' title='bbox 1009 2682 1056 2734; x_wconf 85' lang='lat' dir='ltr'><strong>est</strong></span> <span class='ocrx_word' id='word_1_159' title='bbox 1070 2690 1104 2734; x_wconf 80' lang='lat' dir='ltr'><strong>er</strong></span> <span class='ocrx_word' id='word_1_160' title='bbox 1120 2671 1196 2734; x_wconf 89' lang='lat' dir='ltr'><strong>iilius</strong></span> <span class='ocrx_word' id='word_1_161' title='bbox 1211 2669 1355 2753; x_wconf 90' lang='lat' dir='ltr'><strong>temporis</strong></span> <span class='ocrx_word' id='word_1_162' title='bbox 1370 2676 1532 2732; x_wconf 89' lang='lat' dir='ltr'><strong>consuetu-</strong></span> 
     </span>
     <span class='ocr_line' id='line_1_19' title="bbox 367 2769 1533 2856; baseline -0.006 -18"><span class='ocrx_word' id='word_1_163' title='bbox 367 2776 445 2840; x_wconf 89' lang='lat' dir='ltr'><strong>dino.</strong></span> <span class='ocrx_word' id='word_1_164' title='bbox 481 2773 583 2855; x_wconf 85' lang='lat' dir='ltr'><strong>Neque</strong></span> <span class='ocrx_word' id='word_1_165' title='bbox 596 2773 674 2836; x_wconf 89' lang='lat' dir='ltr'><strong>enim</strong></span> <span class='ocrx_word' id='word_1_166' title='bbox 687 2777 834 2856; x_wconf 83' lang='lat' dir='ltr'><strong>praetoria</strong></span> <span class='ocrx_word' id='word_1_167' title='bbox 847 2773 970 2837; x_wconf 91' lang='lat' dir='ltr'><strong>nomine</strong></span> <span class='ocrx_word' id='word_1_168' title='bbox 982 2793 1162 2856; x_wconf 82' lang='lat' dir='ltr'><strong>quemquam</strong></span> <span class='ocrx_word' id='word_1_169' title='bbox 1177 2773 1208 2836; x_wconf 94' lang='lat' dir='ltr'><strong>in</strong></span> <span class='ocrx_word' id='word_1_170' title='bbox 1221 2774 1300 2837; x_wconf 87' lang='lat' dir='ltr'><strong>banc</strong></span> <span class='ocrx_word' id='word_1_171' title='bbox 1313 2791 1347 2834; x_wconf 87' lang='lat' dir='ltr'><strong>se</strong></span> <span class='ocrx_word' id='word_1_172' title='bbox 1361 2769 1533 2852; x_wconf 78' lang='lat' dir='ltr'><strong>opinionem</strong></span> 
     </span>
     <span class='ocr_line' id='line_1_20' title="bbox 367 2873 1533 2960; baseline -0.004 -20"><span class='ocrx_word' id='word_1_173' title='bbox 367 2877 467 2942; x_wconf 87' lang='lat' dir='ltr'><strong>induri</strong></span> <span class='ocrx_word' id='word_1_174' title='bbox 486 2894 647 2959; x_wconf 81' lang='lat' dir='ltr'><strong>passumm</strong></span> <span class='ocrx_word' id='word_1_175' title='bbox 667 2876 857 2948; x_wconf 77' lang='lat' dir='ltr'><strong>arbitramur,</strong></span> <span class='ocrx_word' id='word_1_176' title='bbox 877 2887 911 2940; x_wconf 88' lang='lat' dir='ltr'><strong>ut</strong></span> <span class='ocrx_word' id='word_1_177' title='bbox 930 2885 1000 2960; x_wconf 89' lang='lat' dir='ltr'><strong>post</strong></span> <span class='ocrx_word' id='word_1_178' title='bbox 1018 2894 1130 2940; x_wconf 84' lang='lat' dir='ltr'><strong>annum</strong></span> <span class='ocrx_word' id='word_1_179' title='bbox 1145 2873 1381 2938; x_wconf 80' lang='lat' dir='ltr'><strong>ccctxxxvtu</strong></span> <span class='ocrx_word' id='word_1_180' title='bbox 1400 2873 1448 2936; x_wconf 87' lang='lat' dir='ltr'><strong>illa</strong></span> <span class='ocrx_word' id='word_1_181' title='bbox 1466 2889 1533 2936; x_wconf 87' lang='lat' dir='ltr'><strong>car·</strong></span> 
     </span>
     <span class='ocr_line' id='line_1_21' title="bbox 368 2975 1535 3057; baseline -0.006 -13"><span class='ocrx_word' id='word_1_182' title='bbox 368 2981 448 3046; x_wconf 89' lang='lat' dir='ltr'><strong>mina</strong></span> <span class='ocrx_word' id='word_1_183' title='bbox 460 2980 578 3043; x_wconf 80' lang='lat' dir='ltr'><strong>condita</strong></span> <span class='ocrx_word' id='word_1_184' title='bbox 588 2979 742 3043; x_wconf 80' lang='lat' dir='ltr'><strong>existimet</strong></span> <span class='ocrx_word' id='word_1_185' title='bbox 757 3013 799 3026; x_wconf 89' lang='lat'>-</span> <span class='ocrx_word' id='word_1_186' title='bbox 814 2980 903 3055; x_wconf 83' lang='lat' dir='ltr'><strong>Quod</strong></span> <span class='ocrx_word' id='word_1_187' title='bbox 919 2989 1017 3044; x_wconf 85' lang='lat' dir='ltr'><strong>antem</strong></span> <span class='ocrx_word' id='word_1_188' title='bbox 1031 2981 1068 3042; x_wconf 90' lang='lat' dir='ltr'><strong>ad</strong></span> <span class='ocrx_word' id='word_1_189' title='bbox 1083 2979 1239 3042; x_wconf 84' lang='lat' dir='ltr'><strong>iormniam</strong></span> <span class='ocrx_word' id='word_1_190' title='bbox 1255 2977 1331 3040; x_wconf 89' lang='lat' dir='ltr'><strong>itiam</strong></span> <span class='ocrx_word' id='word_1_191' title='bbox 1348 2975 1460 3051; x_wconf 84' lang='lat' dir='ltr'><strong>attinet,</strong></span> <span class='ocrx_word' id='word_1_192' title='bbox 1475 2994 1535 3057; x_wconf 83' lang='lat' dir='ltr'><strong>qua</strong></span> 
     </span>
     <span class='ocr_line' id='line_1_22' title="bbox 369 3077 1536 3166; baseline -0.005 -18"><span class='ocrx_word' id='word_1_193' title='bbox 369 3085 472 3150; x_wconf 83' lang='lat' dir='ltr'><strong>cicero</strong></span> <span class='ocrx_word' id='word_1_194' title='bbox 491 3083 585 3148; x_wconf 89' lang='lat' dir='ltr'><strong>utitur</strong></span> <span class='ocrx_word' id='word_1_195' title='bbox 604 3101 660 3164; x_wconf 94' lang='lat' dir='ltr'><strong>pro</strong></span> <span class='ocrx_word' id='word_1_196' title='bbox 680 3081 793 3146; x_wconf 76' lang='lat' dir='ltr'><strong>iturea.</strong></span> <span class='ocrx_word' id='word_1_197' title='bbox 812 3101 837 3145; x_wconf 84' lang='lat' dir='ltr'><strong>c</strong></span> <span class='ocrx_word' id='word_1_198' title='bbox 862 3084 893 3146; x_wconf 89' lang='lat' dir='ltr'><strong>l:</strong></span> <span class='ocrx_word' id='word_1_199' title='bbox 919 3081 1003 3158; x_wconf 78' lang='lat' dir='ltr'><strong>Quor</strong></span> <span class='ocrx_word' id='word_1_200' title='bbox 1022 3084 1193 3166; x_wconf 81' lang='lat' dir='ltr'><strong>deprecatus</strong></span> <span class='ocrx_word' id='word_1_201' title='bbox 1212 3100 1232 3144; x_wconf 86' lang='lat' dir='ltr'><strong>o</strong></span> <span class='ocrx_word' id='word_1_202' title='bbox 1251 3079 1296 3143; x_wconf 85' lang='lat' dir='ltr'><strong>dir</strong></span> <span class='ocrx_word' id='word_1_203' title='bbox 1319 3077 1536 3144; x_wconf 73' lang='lat' dir='ltr'><strong>immortalibus</strong></span> 
     </span>
     <span class='ocr_line' id='line_1_23' title="bbox 369 3181 1536 3271; baseline -0.006 -19"><span class='ocrx_word' id='word_1_204' title='bbox 369 3208 436 3252; x_wconf 81' lang='lat' dir='ltr'><strong>ease</strong></span> <span class='ocrx_word' id='word_1_205' title='bbox 450 3221 493 3234; x_wconf 93' lang='lat'>-</span> <span class='ocrx_word' id='word_1_206' title='bbox 513 3198 546 3250; x_wconf 84' lang='lat' dir='ltr'><strong>ut</strong></span> <span class='ocrx_word' id='word_1_207' title='bbox 559 3205 594 3248; x_wconf 85' lang='lat' dir='ltr'><strong>eo</strong></span> <span class='ocrx_word' id='word_1_208' title='bbox 609 3203 657 3248; x_wconf 85' lang='lat' dir='ltr'><strong>rer</strong></span> <span class='ocrx_word' id='word_1_209' title='bbox 670 3183 744 3248; x_wconf 80' lang='lat' dir='ltr'><strong>stibi</strong></span> <span class='ocrx_word' id='word_1_210' title='bbox 760 3188 1000 3271; x_wconf 66' lang='lat' dir='ltr'><strong>magistratuique</strong></span> <span class='ocrx_word' id='word_1_211' title='bbox 1018 3205 1095 3260; x_wconf 77' lang='lat' dir='ltr'><strong>areo,</strong></span> <span class='ocrx_word' id='word_1_212' title='bbox 1112 3183 1222 3269; x_wconf 75' lang='lat' dir='ltr'><strong>populo</strong></span> <span class='ocrx_word' id='word_1_213' title='bbox 1239 3183 1371 3268; x_wconf 81' lang='lat' dir='ltr'><strong>piedipae</strong></span> <span class='ocrx_word' id='word_1_214' title='bbox 1385 3181 1536 3246; x_wconf 75' lang='lat' dir='ltr'><strong>Romanus</strong></span> 
     </span>
     <span class='ocr_line' id='line_1_24' title="bbox 371 3285 1536 3372; baseline -0.007 -17"><span class='ocrx_word' id='word_1_215' title='bbox 371 3290 441 3355; x_wconf 83' lang='lat' dir='ltr'><strong>dese</strong></span> <span class='ocrx_word' id='word_1_216' title='bbox 455 3301 540 3372; x_wconf 78' lang='lat' dir='ltr'><strong>cipue</strong></span> <span class='ocrx_word' id='word_1_217' title='bbox 552 3287 677 3371; x_wconf 69' lang='lat' dir='ltr'><strong>feliciter</strong></span> <span class='ocrx_word' id='word_1_218' title='bbox 690 3291 827 3361; x_wconf 77' lang='lat' dir='ltr'><strong>metiret,</strong></span> <span class='ocrx_word' id='word_1_219' title='bbox 843 3288 891 3352; x_wconf 87' lang='lat' dir='ltr'><strong>cui</strong></span> <span class='ocrx_word' id='word_1_220' title='bbox 905 3289 994 3354; x_wconf 85' lang='lat' dir='ltr'><strong>alters</strong></span> <span class='ocrx_word' id='word_1_221' title='bbox 1009 3289 1115 3353; x_wconf 85' lang='lat' dir='ltr'><strong>similis</strong></span> <span class='ocrx_word' id='word_1_222' title='bbox 1128 3286 1195 3351; x_wconf 87' lang='lat' dir='ltr'><strong>addi</strong></span> <span class='ocrx_word' id='word_1_223' title='bbox 1211 3295 1311 3370; x_wconf 86' lang='lat' dir='ltr'><strong>potest</strong></span> <span class='ocrx_word' id='word_1_224' title='bbox 1322 3287 1435 3350; x_wconf 77' lang='lat' dir='ltr'><strong>Ver-rin.</strong></span> <span class='ocrx_word' id='word_1_225' title='bbox 1449 3285 1536 3350; x_wconf 79' lang='lat' dir='ltr'><strong>libii</strong></span> 
     </span>
     <span class='ocr_line' id='line_1_25' title="bbox 370 3387 1536 3476; baseline -0.004 -19"><span class='ocrx_word' id='word_1_226' title='bbox 370 3413 398 3457; x_wconf 80' lang='lat' dir='ltr'><strong>c.</strong></span> <span class='ocrx_word' id='word_1_227' title='bbox 417 3395 470 3456; x_wconf 76' lang='lat' dir='ltr'><strong>tir</strong></span> <span class='ocrx_word' id='word_1_228' title='bbox 493 3389 615 3455; x_wconf 72' lang='lat' dir='ltr'><strong>florosa</strong></span> <span class='ocrx_word' id='word_1_229' title='bbox 629 3401 754 3454; x_wconf 74' lang='lat' dir='ltr'><strong>scobem</strong></span> <span class='ocrx_word' id='word_1_230' title='bbox 765 3391 876 3474; x_wconf 81' lang='lat' dir='ltr'><strong>populo</strong></span> <span class='ocrx_word' id='word_1_231' title='bbox 893 3391 1027 3476; x_wconf 81' lang='lat' dir='ltr'><strong>piedipoe</strong></span> <span class='ocrx_word' id='word_1_232' title='bbox 1041 3389 1193 3456; x_wconf 76' lang='lat' dir='ltr'><strong>dioecesos</strong></span> <span class='ocrx_word' id='word_1_233' title='bbox 1205 3423 1249 3437; x_wconf 90' lang='lat'><strong>-—</strong></span> <span class='ocrx_word' id='word_1_234' title='bbox 1260 3387 1456 3472; x_wconf 75' lang='lat' dir='ltr'><strong>piscandum:</strong></span> <span class='ocrx_word' id='word_1_235' title='bbox 1481 3388 1536 3452; x_wconf 86' lang='lat' dir='ltr'><strong>has</strong></span> 
     </span>
     <span class='ocr_line' id='line_1_26' title="bbox 371 3490 1536 3578; baseline -0.006 -18"><span class='ocrx_word' id='word_1_236' title='bbox 371 3513 444 3560; x_wconf 86' lang='lat' dir='ltr'><strong>sane</strong></span> <span class='ocrx_word' id='word_1_237' title='bbox 462 3503 543 3558; x_wconf 84' lang='lat' dir='ltr'><strong>ortas</strong></span> <span class='ocrx_word' id='word_1_238' title='bbox 563 3513 631 3558; x_wconf 86' lang='lat' dir='ltr'><strong>esse</strong></span> <span class='ocrx_word' id='word_1_239' title='bbox 649 3495 697 3559; x_wconf 89' lang='lat' dir='ltr'><strong>ilio</strong></span> <span class='ocrx_word' id='word_1_240' title='bbox 713 3504 847 3576; x_wconf 87' lang='lat' dir='ltr'><strong>tempore</strong></span> <span class='ocrx_word' id='word_1_241' title='bbox 862 3495 1033 3571; x_wconf 77' lang='lat' dir='ltr'><strong>fatebimur,</strong></span> <span class='ocrx_word' id='word_1_242' title='bbox 1055 3513 1147 3578; x_wconf 82' lang='lat' dir='ltr'><strong>quum</strong></span> <span class='ocrx_word' id='word_1_243' title='bbox 1167 3493 1252 3577; x_wconf 88' lang='lat' dir='ltr'><strong>plebs</strong></span> <span class='ocrx_word' id='word_1_244' title='bbox 1271 3493 1406 3557; x_wconf 87' lang='lat' dir='ltr'><strong>nondum</strong></span> <span class='ocrx_word' id='word_1_245' title='bbox 1425 3490 1536 3575; x_wconf 88' lang='lat' dir='ltr'><strong>populo</strong></span> 
     </span>
     <span class='ocr_line' id='line_1_27' title="bbox 371 3597 1594 3690; baseline -0.004 -26"><span class='ocrx_word' id='word_1_246' title='bbox 371 3599 573 3664; x_wconf 75' lang='lat' dir='ltr'><strong>moirtimretur</strong></span> <span class='ocrx_word' id='word_1_247' title='bbox 591 3598 620 3662; x_wconf 93' lang='lat' dir='ltr'><strong>b.</strong></span> <span class='ocrx_word' id='word_1_248' title='bbox 637 3619 663 3662; x_wconf 90' lang='lat' dir='ltr'><strong>o.</strong></span> <span class='ocrx_word' id='word_1_249' title='bbox 684 3607 752 3662; x_wconf 87' lang='lat' dir='ltr'><strong>ante</strong></span> <span class='ocrx_word' id='word_1_250' title='bbox 769 3597 848 3680; x_wconf 80' lang='lat' dir='ltr'><strong>loges</strong></span> <span class='ocrx_word' id='word_1_251' title='bbox 863 3597 915 3664; x_wconf 77' lang='grc' dir='ltr'><strong>ΧΠ</strong></span> <span class='ocrx_word' id='word_1_252' title='bbox 929 3600 1112 3671; x_wconf 84' lang='lat' dir='ltr'><strong>tubulorum,</strong></span> <span class='ocrx_word' id='word_1_253' title='bbox 1134 3606 1264 3663; x_wconf 84' lang='lat' dir='ltr'><strong>serratas</strong></span> <span class='ocrx_word' id='word_1_254' title='bbox 1279 3605 1392 3668; x_wconf 86' lang='lat' dir='ltr'><strong>antem,</strong></span> <span class='ocrx_word' id='word_1_255' title='bbox 1407 3603 1441 3658; x_wconf 88' lang='lat' dir='ltr'><strong>ut</strong></span> <span class='ocrx_word' id='word_1_256' title='bbox 1454 3603 1540 3659; x_wconf 88' lang='lat' dir='ltr'><strong>erant</strong></span> <span class='ocrx_word' id='word_1_257' title='bbox 1587 3677 1594 3690; x_wconf 31' lang='lat'><strong><em>⁹</em></strong></span> 
     </span>
     <span class='ocr_line' id='line_1_28' title="bbox 373 3697 1538 3779; baseline -0.005 -11"><span class='ocrx_word' id='word_1_258' title='bbox 373 3704 495 3768; x_wconf 80' lang='lat' dir='ltr'><strong>ommno</strong></span> <span class='ocrx_word' id='word_1_259' title='bbox 511 3703 637 3768; x_wconf 81' lang='lat' dir='ltr'><strong>Romani</strong></span> <span class='ocrx_word' id='word_1_260' title='bbox 651 3713 783 3769; x_wconf 81' lang='lat' dir='ltr'><strong>retemm</strong></span> <span class='ocrx_word' id='word_1_261' title='bbox 799 3705 964 3770; x_wconf 76' lang='lat' dir='ltr'><strong>formarum</strong></span> <span class='ocrx_word' id='word_1_262' title='bbox 979 3703 1173 3776; x_wconf 72' lang='lat' dir='ltr'><strong>tenacissimi,</strong></span> <span class='ocrx_word' id='word_1_263' title='bbox 1189 3703 1276 3768; x_wconf 88' lang='lat' dir='ltr'><strong>otiam</strong></span> <span class='ocrx_word' id='word_1_264' title='bbox 1291 3700 1328 3766; x_wconf 91' lang='lat' dir='ltr'><strong>iis</strong></span> <span class='ocrx_word' id='word_1_265' title='bbox 1342 3697 1538 3779; x_wconf 81' lang='lat' dir='ltr'><strong>temporibus,</strong></span> 
     </span>
     <span class='ocr_line' id='line_1_29' title="bbox 374 3801 1538 3892; baseline -0.003 -22"><span class='ocrx_word' id='word_1_266' title='bbox 374 3827 467 3891; x_wconf 80' lang='lat' dir='ltr'><strong>quum</strong></span> <span class='ocrx_word' id='word_1_267' title='bbox 485 3827 569 3872; x_wconf 78' lang='lat' dir='ltr'><strong>verae</strong></span> <span class='ocrx_word' id='word_1_268' title='bbox 587 3827 688 3873; x_wconf 88' lang='lat' dir='ltr'><strong>earnm</strong></span> <span class='ocrx_word' id='word_1_269' title='bbox 706 3818 736 3872; x_wconf 89' lang='lat' dir='ltr'><strong>et</strong></span> <span class='ocrx_word' id='word_1_270' title='bbox 754 3809 919 3892; x_wconf 81' lang='lat' dir='ltr'><strong>primitivae</strong></span> <span class='ocrx_word' id='word_1_271' title='bbox 939 3805 1165 3891; x_wconf 77' lang='lat' dir='ltr'><strong>significationis</strong></span> <span class='ocrx_word' id='word_1_272' title='bbox 1191 3807 1305 3872; x_wconf 90' lang='lat' dir='ltr'><strong>dudum</strong></span> <span class='ocrx_word' id='word_1_273' title='bbox 1330 3821 1436 3867; x_wconf 86' lang='lat' dir='ltr'><strong>onmes</strong></span> <span class='ocrx_word' id='word_1_274' title='bbox 1455 3801 1538 3866; x_wconf 89' lang='lat' dir='ltr'><strong>obiiti</strong></span> 
     </span>
     <span class='ocr_line' id='line_1_30' title="bbox 375 3903 1540 3993; baseline -0.008 -17"><span class='ocrx_word' id='word_1_275' title='bbox 375 3921 473 3976; x_wconf 88' lang='lat' dir='ltr'><strong>erant:</strong></span> <span class='ocrx_word' id='word_1_276' title='bbox 496 3911 746 3993; x_wconf 77' lang='lat' dir='ltr'><strong>quemadmodum</strong></span> <span class='ocrx_word' id='word_1_277' title='bbox 765 3913 853 3976; x_wconf 61' lang='lat' dir='ltr'><strong>mam</strong></span> <span class='ocrx_word' id='word_1_278' title='bbox 873 3913 903 3976; x_wconf 94' lang='lat' dir='ltr'><strong>in</strong></span> <span class='ocrx_word' id='word_1_279' title='bbox 922 3912 1012 3976; x_wconf 84' lang='lat' dir='ltr'><strong>altera</strong></span> <span class='ocrx_word' id='word_1_280' title='bbox 1031 3912 1077 3975; x_wconf 88' lang='lat' dir='ltr'><strong>illa</strong></span> <span class='ocrx_word' id='word_1_281' title='bbox 1097 3911 1236 3983; x_wconf 79' lang='lat' dir='ltr'><strong>formula,</strong></span> <span class='ocrx_word' id='word_1_282' title='bbox 1262 3927 1337 3992; x_wconf 86' lang='lat' dir='ltr'><strong>quas</strong></span> <span class='ocrx_word' id='word_1_283' title='bbox 1347 3905 1458 3990; x_wconf 79' lang='lat' dir='ltr'><strong>populo</strong></span> <span class='ocrx_word' id='word_1_284' title='bbox 1477 3903 1540 3969; x_wconf 84' lang='lat' dir='ltr'><strong>iio-</strong></span> 
     </span>
     <span class='ocr_line' id='line_1_31' title="bbox 376 4011 1540 4098; baseline -0.008 -18"><span class='ocrx_word' id='word_1_285' title='bbox 376 4033 464 4080; x_wconf 79' lang='lat' dir='ltr'><strong>rsoao</strong></span> <span class='ocrx_word' id='word_1_286' title='bbox 475 4012 603 4090; x_wconf 78' lang='lat' dir='ltr'><strong>Quirites</strong></span> <span class='ocrx_word' id='word_1_287' title='bbox 616 4024 756 4098; x_wconf 84' lang='lat' dir='ltr'><strong>tanquam</strong></span> <span class='ocrx_word' id='word_1_288' title='bbox 771 4015 904 4080; x_wconf 74' lang='lat' dir='ltr'><strong>drusos</strong></span> <span class='ocrx_word' id='word_1_289' title='bbox 918 4015 1059 4098; x_wconf 72' lang='lat' dir='ltr'><strong>adiungit,</strong></span> <span class='ocrx_word' id='word_1_290' title='bbox 1074 4013 1254 4079; x_wconf 73' lang='lat' dir='ltr'><strong>ibebnbrins</strong></span> <span class='ocrx_word' id='word_1_291' title='bbox 1269 4013 1335 4095; x_wconf 88' lang='lat' dir='ltr'><strong>ipss</strong></span> <span class='ocrx_word' id='word_1_292' title='bbox 1349 4011 1458 4074; x_wconf 85' lang='lat' dir='ltr'><strong>iactum</strong></span> <span class='ocrx_word' id='word_1_293' title='bbox 1471 4027 1540 4072; x_wconf 86' lang='lat' dir='ltr'><strong>esse</strong></span> 
     </span>
     <span class='ocr_line' id='line_1_32' title="bbox 378 4113 1540 4202; baseline -0.009 -19"><span class='ocrx_word' id='word_1_294' title='bbox 378 4121 517 4184; x_wconf 79' lang='lat' dir='ltr'><strong>observat</strong></span> <span class='ocrx_word' id='word_1_295' title='bbox 535 4119 636 4182; x_wconf 86' lang='lat' dir='ltr'><strong>tomi</strong></span> <span class='ocrx_word' id='word_1_296' title='bbox 656 4119 773 4202; x_wconf 73' lang='lat' dir='ltr'><strong>ptus.</strong></span> <span class='ocrx_word' id='word_1_297' title='bbox 793 4120 840 4183; x_wconf 88' lang='lat' dir='ltr'><strong>ed.</strong></span> <span class='ocrx_word' id='word_1_298' title='bbox 862 4137 920 4182; x_wconf 82' lang='lat' dir='ltr'><strong>sec</strong></span> <span class='ocrx_word' id='word_1_299' title='bbox 964 4120 1001 4182; x_wconf 82' lang='lat' dir='ltr'><strong>bt</strong></span> <span class='ocrx_word' id='word_1_300' title='bbox 1025 4137 1094 4182; x_wconf 91' lang='lat' dir='ltr'><strong>rero</strong></span> <span class='ocrx_word' id='word_1_301' title='bbox 1119 4115 1268 4181; x_wconf 83' lang='lat' dir='ltr'><strong>annulinm</strong></span> <span class='ocrx_word' id='word_1_302' title='bbox 1294 4113 1457 4196; x_wconf 80' lang='lat' dir='ltr'><strong>scriptores</strong></span> <span class='ocrx_word' id='word_1_303' title='bbox 1476 4127 1540 4184; x_wconf 87' lang='lat' dir='ltr'><strong>eos,</strong></span> 
     </span>
     <span class='ocr_line' id='line_1_33' title="bbox 379 4214 1541 4306; baseline -0.008 -22"><span class='ocrx_word' id='word_1_304' title='bbox 379 4221 488 4305; x_wconf 79' lang='lat' dir='ltr'><strong>opnibus</strong></span> <span class='ocrx_word' id='word_1_305' title='bbox 502 4220 602 4285; x_wconf 82' lang='lat' dir='ltr'><strong>Livius</strong></span> <span class='ocrx_word' id='word_1_306' title='bbox 620 4222 765 4306; x_wconf 86' lang='lat' dir='ltr'><strong>ceterique</strong></span> <span class='ocrx_word' id='word_1_307' title='bbox 783 4221 916 4287; x_wconf 85' lang='lat' dir='ltr'><strong>historici</strong></span> <span class='ocrx_word' id='word_1_308' title='bbox 936 4221 1110 4286; x_wconf 84' lang='lat' dir='ltr'><strong>auctoribus</strong></span> <span class='ocrx_word' id='word_1_309' title='bbox 1128 4220 1176 4284; x_wconf 89' lang='lat' dir='ltr'><strong>nsi</strong></span> <span class='ocrx_word' id='word_1_310' title='bbox 1195 4226 1280 4291; x_wconf 88' lang='lat' dir='ltr'><strong>sunt,</strong></span> <span class='ocrx_word' id='word_1_311' title='bbox 1307 4214 1411 4299; x_wconf 90' lang='lat' dir='ltr'><strong>populi</strong></span> <span class='ocrx_word' id='word_1_312' title='bbox 1430 4229 1541 4276; x_wconf 85' lang='lat' dir='ltr'><strong>nornen</strong></span> 
     </span>
     <span class='ocr_line' id='line_1_34' title="bbox 378 4321 1540 4410; baseline -0.01 -20"><span class='ocrx_word' id='word_1_313' title='bbox 378 4345 415 4390; x_wconf 86' lang='lat' dir='ltr'><strong>eo</strong></span> <span class='ocrx_word' id='word_1_314' title='bbox 436 4342 497 4408; x_wconf 84' lang='lat' dir='ltr'><strong>quo</strong></span> <span class='ocrx_word' id='word_1_315' title='bbox 511 4323 690 4389; x_wconf 86' lang='lat' dir='ltr'><strong>Niebnbrius</strong></span> <span class='ocrx_word' id='word_1_316' title='bbox 709 4326 800 4391; x_wconf 80' lang='lat' dir='ltr'><strong>voluit</strong></span> <span class='ocrx_word' id='word_1_317' title='bbox 818 4344 910 4392; x_wconf 89' lang='lat' dir='ltr'><strong>sensu</strong></span> <span class='ocrx_word' id='word_1_318' title='bbox 928 4343 1107 4410; x_wconf 85' lang='lat' dir='ltr'><strong>usurpasse,</strong></span> <span class='ocrx_word' id='word_1_319' title='bbox 1127 4322 1157 4387; x_wconf 93' lang='lat' dir='ltr'><strong>id</strong></span> <span class='ocrx_word' id='word_1_320' title='bbox 1171 4321 1252 4386; x_wconf 88' lang='lat' dir='ltr'><strong>nulio</strong></span> <span class='ocrx_word' id='word_1_321' title='bbox 1266 4321 1353 4404; x_wconf 85' lang='lat' dir='ltr'><strong>plane</strong></span> <span class='ocrx_word' id='word_1_322' title='bbox 1366 4323 1540 4398; x_wconf 74' lang='lat' dir='ltr'><strong>argumento</strong></span> 
     </span>
     <span class='ocr_line' id='line_1_35' title="bbox 380 4417 1543 4513; baseline 0.006 -19"><span class='ocrx_word' id='word_1_323' title='bbox 380 4427 501 4513; x_wconf 81' lang='lat' dir='ltr'><strong>probari</strong></span> <span class='ocrx_word' id='word_1_324' title='bbox 519 4447 624 4512; x_wconf 88' lang='lat' dir='ltr'><strong>posse,</strong></span> <span class='ocrx_word' id='word_1_325' title='bbox 649 4445 813 4512; x_wconf 81' lang='lat' dir='ltr'><strong>omnesque</strong></span> <span class='ocrx_word' id='word_1_326' title='bbox 832 4429 898 4495; x_wconf 90' lang='lat' dir='ltr'><strong>iilos</strong></span> <span class='ocrx_word' id='word_1_327' title='bbox 916 4430 1016 4505; x_wconf 88' lang='lat' dir='ltr'><strong>locos,</strong></span> <span class='ocrx_word' id='word_1_328' title='bbox 1042 4428 1074 4492; x_wconf 91' lang='lat' dir='ltr'><strong>in</strong></span> <span class='ocrx_word' id='word_1_329' title='bbox 1092 4427 1203 4511; x_wconf 81' lang='lat' dir='ltr'><strong>quibus</strong></span> <span class='ocrx_word' id='word_1_330' title='bbox 1220 4423 1312 4488; x_wconf 89' lang='lat' dir='ltr'><strong>buius</strong></span> <span class='ocrx_word' id='word_1_331' title='bbox 1330 4439 1406 4486; x_wconf 86' lang='lat' dir='ltr'><strong>usus</strong></span> <span class='ocrx_word' id='word_1_332' title='bbox 1421 4417 1543 4500; x_wconf 63' lang='lat' dir='ltr'><strong>vmbria</strong></span> 
     </span>
     <span class='ocr_line' id='line_1_36' title="bbox 380 4520 1543 4618; baseline -0.012 -20"><span class='ocrx_word' id='word_1_333' title='bbox 380 4533 481 4599; x_wconf 85' lang='lat' dir='ltr'><strong>inesse</strong></span> <span class='ocrx_word' id='word_1_334' title='bbox 495 4531 647 4604; x_wconf 77' lang='lat' dir='ltr'><strong>dictantur,</strong></span> <span class='ocrx_word' id='word_1_335' title='bbox 667 4531 812 4596; x_wconf 82' lang='lat' dir='ltr'><strong>diversam</strong></span> <span class='ocrx_word' id='word_1_336' title='bbox 825 4533 1051 4618; x_wconf 82' lang='lat' dir='ltr'><strong>explicationem</strong></span> <span class='ocrx_word' id='word_1_337' title='bbox 1065 4539 1118 4598; x_wconf 86' lang='lat' dir='ltr'><strong>aut</strong></span> <span class='ocrx_word' id='word_1_338' title='bbox 1131 4527 1260 4612; x_wconf 69' lang='lat' dir='ltr'><strong>darium</strong></span> <span class='ocrx_word' id='word_1_339' title='bbox 1272 4533 1325 4592; x_wconf 89' lang='lat' dir='ltr'><strong>aut</strong></span> <span class='ocrx_word' id='word_1_340' title='bbox 1338 4522 1421 4589; x_wconf 83' lang='lat' dir='ltr'><strong>tacite</strong></span> <span class='ocrx_word' id='word_1_341' title='bbox 1434 4520 1543 4587; x_wconf 85' lang='lat' dir='ltr'><strong>admit·</strong></span> 
     </span>
    </p>
   </div>
   <div class='ocr_carea' id='block_1_3' title="bbox 383 4763 1643 4936">
    <p class='ocr_par' dir='ltr' id='par_1_3' title="bbox 383 4763 1643 4936">
     <span class='ocr_line' id='line_1_37' title="bbox 453 4763 1643 4848; baseline -0.016 -14"><span class='ocrx_word' id='word_1_342' title='bbox 453 4763 1545 4848; x_wconf 63' lang='lat' dir='ltr'><strong>nnonumqoavnoomnam.rrmmnxvn,oesnmo0aa</strong></span> <span class='ocrx_word' id='word_1_343' title='bbox 1641 4786 1643 4789; x_wconf 74' lang='lat'><em>.</em></span> 
     </span>
     <span class='ocr_line' id='line_1_38' title="bbox 383 4863 779 4936; baseline -0.005 -14"><span class='ocrx_word' id='word_1_344' title='bbox 383 4863 779 4936; x_wconf 64' lang='lat' dir='ltr'><strong>denominamur.</strong></span> 
     </span>
    </p>
   </div>
   <div class='ocr_carea' id='block_1_4' title="bbox 1601 5018 1644 5027">
    <p class='ocr_par' dir='ltr' id='par_1_4' title="bbox 1601 5018 1644 5027">
     <span class='ocr_line' id='line_1_39' title="bbox 1601 5018 1644 5027; baseline 0 0"><span class='ocrx_word' id='word_1_345' title='bbox 1601 5018 1644 5027; x_wconf 54' lang='lat'><em>*</em></span> 
     </span>
    </p>
   </div>
   <div class='ocr_carea' id='block_1_5' title="bbox 0 0 1932 5609">
    <p class='ocr_par' dir='ltr' id='par_1_5' title="bbox 0 0 1932 5609">
     <span class='ocr_line' id='line_1_40' title="bbox 0 0 1932 5609; baseline 0 0"><span class='ocrx_word' id='word_1_346' title='bbox 0 0 1932 5609; x_wconf 95' lang='lat' dir='ltr'><strong> </strong></span> 
     </span>
    </p>
   </div>
  </div>
 </body>
</html>
