3792 5609
844 811 901 879 18¹

767 901 970 916 ⁸¹⁸⁸—-

289 987 445 1084 cleclp'rarr
462 997 585 1062 noorino
603 999 906 1083 significari-ridetur,
927 1006 957 1070 in
973 1024 1033 1069 mm
1048 1015 1143 1068 terrae
1157 1015 1241 1086 pam
1256 1023 1282 1066 r.
1297 1024 1323 1067 e.
1340 1004 1368 1068 in
1383 1005 1452 1069 bia-

287 1099 362 1174 cria,
378 1100 506 1164 maxiacus
520 1103 657 1184 frequens
669 1116 744 1182 erat,
758 1118 897 1190 poterant
910 1109 1041 1174 ltiacriae
1056 1108 1168 1171 incolae
1183 1126 1298 1180 opines,
1314 1127 1405 1189 cpuum
1419 1108 1450 1171 in

286 1222 377 1266 cruam
392 1203 503 1268 tribum
517 1207 779 1288 coniungerentur,
798 1211 835 1275 ab
855 1211 891 1277 iis
906 1213 956 1296 qui
972 1211 1175 1296 praevalebant
1190 1201 1334 1296 ὅπλςτες
1348 1213 1450 1294 appel·

180 1354 181 1357 ,
284 1305 346 1380 lari,
361 1305 502 1372 licetnon
514 1329 621 1373 oannes
633 1303 845 1398 ‹turpem-eri
857 1315 987 1379 noririnis
999 1322 1115 1378 esseut:
1135 1315 1400 1396 codemquemodo
1412 1315 1450 1378 de

284 1409 517 1492 angicurensium
529 1414 1166 1496 etargadcusiumtribubusstatuendumest,
1180 1417 1320 1481 iubarum
1328 1430 1450 1500 utraque

252 1529 256 1538 ·
284 1532 345 1577 urm
357 1525 493 1596 pastores
506 1516 602 1580 solum
614 1527 643 1582 et
653 1519 796 1600 agricolas
806 1523 857 1585 scd
867 1520 955 1586 ctiam
965 1522 1071 1586 clirersi
1082 1521 1448 1602 generislmmiuesluisse,

285 1619 336 1684 sed
352 1620 550 1702 praevaluisse
564 1618 644 1696 illos,
663 1622 804 1706 aquibus
818 1625 940 1690 nourrius
955 1625 1046 1690 indita
1058 1637 1138 1690 sum.
1175 1626 1312 1688 sclerum
1329 1637 1448 1694 retem.

285 1743 376 1806 quum
392 1724 481 1789 buius
496 1725 627 1789 triluumr
643 1727 852 1811 descriptionis
867 1730 969 1793 leuem
985 1741 1136 1794 auctorem
1154 1729 1278 1804 lacirmt,
1293 1748 1376 1792 nrore
1391 1747 1446 1790 sno

284 1837 366 1892 certo
387 1829 503 1894 cuidam
522 1831 637 1894 laocrriui
658 1831 791 1896 tribuunt
806 1853 868 1898 rem
884 1854 938 1897 sua
953 1834 1048 1916 stragis
1063 1844 1170 1917 sponte
1185 1843 1213 1894 et
1229 1851 1330 1896 rercrm
1345 1831 1446 1896 condi·

285 1932 364 1996 tione
391 1933 428 1999 ita
455 1936 565 1998 lacento
591 1944 702 2010 ortam,
728 1956 817 2018 quam
840 1938 974 2001 laumano
995 1937 1120 2000 consilio
1138 1935 1317 2000 institutam:
1344 1955 1446 2017 reapse

284 2045 382 2099 autem
403 2039 529 2102 fundum
548 2037 626 2102 iilius
644 2041 823 2104 narrationis
843 2041 924 2105 bum
942 2061 1009 2102 esse
1028 2039 1169 2114 arbitror,
1194 2041 1275 2121 quod
1296 2037 1446 2101 divisionis

286 2141 362 2204 illius
382 2138 498 2206 initium
518 2163 555 2206 eo
576 2153 710 2226 tempore
729 2154 829 2208 ortum
850 2145 901 2220 sit,
920 2161 981 2225 epm
997 2153 1136 2225 occupata
1151 2143 1189 2206 ab
1205 2142 1325 2206 lonibus
1340 2143 1447 2205 atticae

284 2253 367 2326 parto
383 2255 522 2328 quattuor
536 2245 584 2309 illa
599 2246 754 2311 bominum
770 2266 876 2328 genera
890 2248 1057 2324 extiterunt,
1072 2266 1200 2329 quomm
1212 2245 1332 2310 nonrina
1343 2255 1446 2328 postea

285 2347 421 2411 tribubus
437 2349 575 2431 imposita
591 2359 671 2413 sunt.

369 2450 448 2514 llaec
462 2452 487 2514 si
503 2451 696 2535 probabiliter
709 2453 859 2533 disputata
874 2462 959 2528 suut,
979 2453 1088 2516 nullam
1104 2472 1223 2518 causam
1239 2471 1307 2516 esso
1320 2460 1447 2534 apparet,

285 2572 338 2617 cur
352 2555 613 2636 grammaticorum
628 2555 671 2618 rel
686 2555 786 2637 potius
798 2554 963 2618 Aristotelis
975 2555 1011 2618 de
1022 2556 1220 2638 plrratriarmu
1233 2575 1301 2619 carra
1314 2555 1447 2619 tribubus

284 2657 494 2720 coniunctione
513 2657 715 2721 testinnonium
730 2677 918 2740 responamus.
945 2657 1040 2722 Siuml
1056 2658 1144 2721 etiam
1161 2659 1229 2722 illud
1245 2669 1379 2741 apertum
1394 2666 1448 2729 cst,

283 2778 345 2823 non
365 2760 437 2824 satis
456 2769 535 2824 recte
553 2781 606 2824 eos
621 2769 762 2835 statuere,
782 2761 832 2843 qui
847 2762 1026 2824 recentiores
1041 2762 1135 2824 bilms
1151 2761 1253 2826 elecem
1269 2761 1448 2824 (listlu-ucas

283 2873 413 2926 aretere
432 2863 600 2927 Ionicarum
620 2863 753 2927 tribuum
774 2865 975 2947 descriptione
994 2866 1051 2928 liae
1070 2865 1260 2946 potissimum
1277 2863 1447 2928 redirersas

285 2966 377 3030 luisse
395 2975 563 3041 autumant,
584 2965 664 3049 quod
684 2966 792 3028 alterae
809 2964 934 3050 percarui
955 2975 1067 3030 tantum
1084 2969 1270 3030 essentne.
1287 2969 1448 3030 seeundum

285 3068 408 3150 stirpem
425 3079 455 3132 et
475 3067 620 3149 originem
640 3067 797 3130 bominum
812 3069 994 3151 descriptae,
1020 3069 1126 3132 albarae
1139 3064 1281 3134 concaui
1299 3089 1316 3130 e
1332 3069 1449 3132 sedilus

284 3179 314 3232 et
333 3170 498 3234 domiciliis.
526 3169 601 3233 liam
620 3170 666 3233 illa
687 3188 805 3252 «proque
824 3179 908 3233 retus
928 3181 1068 3252 quattuor
1088 3172 1218 3236 tribuum
1238 3171 1343 3235 clirisio
1359 3191 1448 3253 cpmm

285 3269 395 3358 peresi}
416 3273 493 3336 baud
511 3273 599 3336 dubie
613 3282 708 3348 essct,
723 3279 823 3336 marren
838 3284 963 3356 proptor
977 3275 1055 3338 bano
1070 3275 1165 3358 ipsam
1181 3295 1243 3338 rem
1260 3293 1320 3338 nou
1336 3283 1449 3356 poterat

285 3394 346 3438 uon
374 3375 461 3438 etiam
491 3371 616 3461 τοπικὴ
645 3395 725 3448 esse,
755 3378 1000 3459 quandocpridem
1025 3379 1073 3459 qui
1090 3377 1221 3439 eiusdem
1246 3377 1348 3457 stirpis
1368 3383 1449 3437 crant

284 3477 371 3539 etiam
386 3476 692 3540 doudrilia'lmbcbant
706 3479 872 3542 coniuncta.
907 3479 1070 3541 Clisthenes
1086 3489 1185 3540 autem
1202 3479 1259 3540 bor
1272 3495 1366 3538 trucum
1381 3477 1448 3556 egit,

285 3588 318 3643 ut
332 3589 443 3643 veteres
458 3580 613 3643 bominum
632 3579 858 3642 coniunctiones
874 3580 1063 3653 dissolveret,
1079 3579 1188 3662 cpcippe
1204 3577 1256 3654 illi,
1282 3597 1372 3660 quiam
1386 3579 1448 3659 ipse

198 3750 201 3753 ¹
285 3681 440 3764 probabat,
467 3683 580 3745 tommo
593 3682 634 3744 roi
652 3679 786 3763 publicae
801 3701 863 3744 nou
878 3681 1132 3756 accommodatam
1158 3699 1265 3744 noram
1281 3692 1378 3744 autem
1392 3678 1444 3742 tri·

285 3786 376 3848 buum
393 3783 622 3863 descriptionem
639 3783 676 3845 ita
689 3783 829 3857 instituit,
850 3793 993 3864 utusque
1009 3783 1110 3864 stirpis
1126 3783 1269 3846 cntionem
1283 3782 1405 3846 baberet
1418 3791 1447 3844 ct

284 3888 419 3949 locorum
435 3901 554 3966 quocpre
565 3883 653 3946 situm
670 3903 883 3966 saepenumero
902 3885 1011 3948 mirum
1023 3892 1166 3966 «panicum
1181 3884 1349 3966 negligeret.
1373 3884 1447 3948 barn

285 3996 315 4051 et
330 3985 483 4051 coniunxit
497 3987 527 4049 in
542 3985 666 4049 eandem
682 3987 791 4049 trilmm
807 3985 945 4049 bonrines
960 4004 1015 4049 oen
1029 3985 1122 4068 stirpe
1137 4005 1191 4048 mc.
1205 3985 1362 4048 clcrnriciliis
1374 4004 1448 4048 narr·

286 4089 404 4153 iunctos
420 4096 450 4148 et
464 4087 583 4150 diremit
597 4087 647 4168 qui
664 4089 790 4150 arraxime
804 4087 880 4150 inter
895 4107 927 4148 se
946 4095 976 4149 et
995 4085 1081 4149 ricini
1101 4097 1130 4150 et
1149 4087 1266 4168 cognati
1286 4098 1380 4149 eraut.
1417 4087 1449 4148 ld

285 4190 389 4275 paucis
413 4208 494 4252 nunc
520 4189 573 4253 sed
600 4190 688 4251 certis
708 4189 851 4272 exemplis
870 4189 1093 4252 clenronstrabn.
1127 4188 1291 4270 Tetrapolis
1312 4197 1451 4270 orrattuor

285 4293 396 4377 oppida
416 4290 544 4356 dubitari
564 4309 626 4354 noa
640 4303 742 4373 potest
756 4292 829 4375 quin
843 4302 873 4354 et
887 4291 981 4354 vicina
998 4290 1073 4354 inter
1088 4310 1121 4354 se
1136 4300 1165 4354 et
1179 4291 1216 4354 ab
1230 4291 1364 4353 eiusdem
1381 4289 1449 4353 stir-

285 4398 332 4480 pis
346 4395 519 4460 lromiuibus
533 4394 662 4458 balritata
676 4395 800 4458 luerint:
823 4404 853 4456 ct
867 4403 966 4457 tanuen
981 4414 1016 4456 ex
1029 4393 1077 4457 his
1093 4393 1148 4459 tria
1164 4402 1287 4468 lantum,
1300 4393 1450 4457 llaratlro·
1470 4401 1499 4454 tt

285 4518 369 4573 nem,
396 4497 528 4572 Oenoen,
551 4495 774 4579 Triumphum,
794 4497 883 4561 unius
900 4496 994 4560 tribus
1009 4495 1174 4560 Clisthenes
1190 4486 1270 4572 lecit,
1289 4495 1449 4566 deanticb's,

285 4609 425 4682 quartum
441 4609 549 4676 autem,
564 4598 798 4672 Probalintbum
813 4598 1017 4663 Pandionidis.
1044 4597 1118 4661 ltem
1134 4597 1286 4663 oduobus
1301 4617 1379 4681 quos
1393 4616 1448 4661 no·

286 4702 383 4764 rimus
403 4701 543 4784 Epaoriae
563 4701 647 4784 pagis
667 4718 763 4774 unus,
784 4698 994 4775 Semachidas,
1014 4698 1216 4775 dntiocbiclis,
1231 4702 1316 4776 alter,
1331 4700 1450 4763 Plotbea

286 4800 422 4882 begddis
438 4801 502 4865 luit.
529 4800 571 4863 Ex
586 4799 758 4864 tetraeomis
772 4819 861 4876 unus,
881 4800 1035 4878 l‘lmlerus,
1049 4801 1211 4878 beantidis,
1226 4802 1296 4878 duo,
1309 4801 1451 4865 Piraeeus
