3792 5609
383 1035 523 1081 semrom
548 1030 656 1095 magua
674 1011 833 1075 multitudo
848 1011 916 1085 brit,
941 1012 985 1075 sic
1004 1012 1094 1077 etiam
1113 1016 1328 1097 hypomionum
1348 1017 1464 1082 illomm
1483 1034 1545 1082 non

381 1118 515 1199 exiguam
530 1115 747 1179 multitudinem
764 1114 857 1178 luisse
872 1114 1055 1197 colligamus.
1083 1115 1157 1179 Nam
1173 1136 1278 1183 eorum
1294 1128 1386 1193 nerto,
1407 1119 1457 1201 qui
1473 1138 1545 1202 pro·

381 1229 450 1303 pter
467 1218 629 1300 neglectam
649 1216 836 1297 disciplinam
856 1217 970 1279 civilem
989 1227 1041 1280 ant
1059 1228 1182 1299 propter
1203 1220 1325 1284 nimiam
1341 1230 1546 1303 paupertatem

381 1342 419 1385 ex
434 1321 638 1384 llomoeorum
653 1320 759 1383 ordine
769 1318 880 1383 exclusi
891 1328 1004 1393 essent,
1020 1339 1097 1402 qum
1110 1322 1206 1384 adbuc
1218 1323 1298 1386 solos
1310 1323 1388 1387 eires
1400 1324 1547 1387 deteriore

382 1424 446 1488 iure
460 1422 665 1505 cognorimus,
687 1422 795 1485 burum
810 1422 943 1502 protecto
960 1422 1038 1485 baud
1054 1422 1093 1485 ita
1109 1442 1236 1504 aragone
1252 1444 1394 1490 numerus
1408 1446 1476 1489 esse
1490 1446 1547 1508 po·

381 1528 445 1591 tuit
473 1527 531 1591 Sed
547 1525 683 1609 quarnria
697 1524 785 1608 pauci
798 1534 911 1599 essent,
928 1535 1089 1607 potnerunt
1104 1536 1203 1591 tamen
1218 1526 1397 1593 aCinadouc
1409 1550 1468 1595 nna
1480 1548 1547 1595 cum

381 1630 488 1697 ceteris
506 1630 656 1695 nominari
675 1639 845 1713 propterea,
865 1629 947 1711 equod
967 1630 1028 1693 odii
1048 1630 1169 1714 quidem
1189 1632 1372 1696 retrernentia
1395 1632 1450 1697 illis
1469 1636 1548 1699 baud

381 1738 529 1807 oederent,
543 1734 637 1798 immo
651 1734 780 1797 lonasse
794 1733 882 1797 etiam
898 1742 1093 1815 praestarent,
1109 1735 1249 1816 qnodque
1262 1735 1351 1799 buius
1367 1736 1548 1801 mniuratio·

382 1841 430 1903 uis
446 1848 551 1903 oontm
564 1838 730 1920 Spartanos
744 1838 841 1920 capita
856 1856 893 1899 es
904 1857 1007 1901 eorum
1021 1837 1211 1919 potissimum
1223 1857 1348 1902 numero
1360 1848 1473 1913 essent,
1488 1840 1549 1922 qui,

381 1944 451 2008 lieet
464 1942 622 2005 imminuto
637 1940 713 2016 inre,
733 1950 850 2017 tumcn,
870 1959 965 2024 ‹quurn
986 1941 1078 2023 stirpe
1099 1940 1204 2003 saltent
1220 1941 1295 2004 cirili
1310 1950 1424 2014 essent,
1444 1943 1550 2007 ceteris

382 2045 545 2111 nobiliores
563 2046 754 2119 haberentur,
775 2064 873 2126 neque
893 2054 1048 2127 tantopere
1067 2066 1083 2107 a
1104 2064 1135 2108 re
1154 2044 1270 2127 publica
1289 2046 1412 2119 remoti,
1436 2054 1550 2110 utnon

384 2148 498 2213 [acilius
523 2168 612 2231 quam
639 2147 726 2211 ceteri
747 2148 1001 2229 opportunitatem
1022 2146 1262 2230 exequendornm
1284 2148 1476 2212 consiliomm
1497 2168 1549 2212 er-

384 2254 501 2335 plurare
518 2258 651 2334 possent.
671 2286 714 2297 -
734 2250 795 2313 Sed
810 2251 951 2331 quoniam
973 2250 1002 2313 in
1018 2250 1197 2313 coniecturis
1217 2252 1316 2315 urnnis
1331 2252 1404 2316 baec
1417 2253 1551 2335 quaestio

385 2364 530 2423 uersatur,
544 2352 646 2433 quidni
659 2374 717 2417 nos
728 2373 848 2435 quoque
861 2351 969 2435 aliquid
982 2351 1170 2416 coniecturae
1181 2372 1401 2436 exprornarnus,
1417 2374 1454 2417 ne
1467 2356 1553 2437 plane
1579 2390 1581 2394 ·

384 2447 571 2538 ἀσύμβολοι
592 2455 684 2518 luisse
702 2456 850 2531 dicamur,
872 2474 943 2518 nere
963 2464 1099 2537 gravetur
1118 2454 1234 2536 aliquis,
1250 2456 1341 2537 qnod,
1359 2474 1452 2537 quum
1469 2457 1552 2521 multi

387 2557 532 2623 lucrinum
557 2557 589 2619 iu
613 2558 715 2621 alienis
736 2556 915 2621 coniecturis
932 2556 1137 2620 examinandis
1158 2567 1188 2620 et
1207 2559 1471 2641 reprehendendis,
1496 2560 1552 2641 ipsi

387 2660 459 2725 nibil
476 2659 638 2724 adnmdum
658 2661 885 2743 protulerimus,
906 2678 968 2741 quo
984 2660 1113 2723 vicissim
1133 2660 1331 2724 examinando
1347 2671 1377 2724 et
1390 2663 1553 2745 reprelien-

387 2763 485 2827 dendo
507 2781 566 2826 nos
584 2763 752 2827 ulciscatur.
789 2762 928 2825 Dicemus
943 2762 1045 2843 igitur,
1067 2762 1148 2843 qnod
1167 2782 1256 2845 quarn
1277 2780 1377 2827 rerum
1393 2772 1444 2827 aut
1459 2763 1555 2827 simile

387 2867 447 2930 reri
466 2866 504 2929 sit
519 2866 567 2929 alii
583 2864 726 2930 iudicent:
746 2865 916 2939 Dorienses,
935 2883 1028 2946 equum
1050 2875 1156 2929 terram
1172 2865 1347 2929 Laconicam
1368 2876 1555 2948 occuparent,
1668 2942 1669 2947 γ

386 2990 476 3054 quarn
490 2969 641 3052 paullatim
662 2970 781 3033 demum
798 2978 828 3032 et
842 2976 913 3049 post
926 2968 1049 3049 longmn
1065 2978 1181 3051 ternpus
1198 2977 1289 3033 totam
1301 2970 1387 3051 plane
1401 2970 1554 3034 subactum

386 3094 452 3137 esse
466 3082 598 3149 constat,
617 3072 705 3136 simili
722 3073 852 3154 quadam
868 3071 985 3134 radone
1001 3090 1074 3135 usos
1089 3093 1172 3147 esse,
1194 3092 1283 3154 aquam
1301 3091 1358 3154 qua
1374 3083 1476 3155 pustm
1491 3074 1553 3136 llo-

385 3176 468 3243 maui
493 3176 540 3239 usi
568 3184 654 3249 sunt,
681 3195 774 3258 quum
796 3174 908 3239 ltaliam
929 3174 1053 3257 imperio
1074 3194 1130 3238 sno
1150 3174 1337 3239 subiicerent.
1384 3176 1458 3241 Nam
1479 3174 1555 3241 sicut

386 3278 513 3343 llomaui
532 3278 562 3342 in
584 3278 696 3360 oppida
716 3278 856 3342 italorum
876 3277 1002 3340 colonos
1023 3277 1138 3341 mittere
1157 3278 1306 3349 solebant,
1332 3278 1360 3341 lr.
1382 3298 1406 3341 c.
1428 3279 1553 3361 aliquem

385 3383 492 3447 uirium
514 3400 639 3445 snorum
660 3399 832 3453 numerum,
853 3379 904 3462 qui
924 3388 955 3441 et
974 3399 1114 3459 agrorum
1134 3380 1174 3443 ibi
1195 3390 1309 3463 partem
1329 3380 1507 3462 acciperent,
1527 3390 1557 3445 et

386 3506 440 3569 pro
458 3484 609 3569 pracsidio
629 3493 732 3547 essent
751 3494 923 3565 veteresque
941 3482 1054 3547 incolas
1069 3484 1263 3547 observarent
1284 3482 1357 3546 etin
1373 3485 1430 3547 tide
1446 3484 1553 3548 retine·

388 3597 467 3662 rent,
488 3590 532 3652 sic
552 3588 640 3652 ctiam
661 3587 821 3652 Dorienses
840 3586 872 3651 in
891 3586 1076 3651 dclroenrunr
1098 3587 1206 3669 oppida
1227 3588 1351 3651 colonos
1370 3586 1516 3668 quosdam
1538 3606 1554 3649 e

389 3711 444 3755 suo
456 3710 583 3755 numero
595 3690 749 3768 miserunt,
764 3710 853 3773 agros
865 3690 901 3754 iis
913 3689 1113 3771 assignarunt,
1128 3690 1298 3772 incolasque
1309 3690 1452 3765 Achaeos,
1466 3700 1563 3773 qnot··

390 3802 463 3876 quot
476 3812 539 3857 uon
554 3805 605 3858 ant
619 3794 732 3878 expulsi
748 3804 800 3859 aut
813 3793 845 3857 in
856 3794 1033 3877 Spartanam
1046 3793 1191 3857 civitatem
1206 3792 1315 3875 recepti
1326 3802 1435 3867 essem,
1450 3812 1554 3874 repen-

390 3895 446 3958 des
461 3908 549 3977 atque
563 3898 734 3962 retinendos
749 3898 1003 3962 conamendarunt.
1033 3896 1064 3959 ld
1082 3917 1119 3960 ne
1134 3897 1200 3980 quis
1216 3897 1431 3961 nnllo'auctore
1445 3896 1554 3960 dimum

391 3995 575 4074 criminetru,
591 4001 627 4065 de
642 4000 817 4066 Geroutlrris
831 4010 910 4064 certe
925 3999 1103 4063 Pausaniam
1118 4008 1224 4063 testem
1240 3999 1417 4082 producam,
1432 4000 1492 4082 qui,
1507 4000 1553 4071 ttl,

391 4099 443 4177 22,
454 4102 486 4175 5,
500 4096 628 4183 rodcog,
646 4105 752 4187 inquit,
771 4095 936 4191 ἐποίησαν
949 4094 1155 4180 ἀναστάτους
1169 4104 1316 4188 Δωριεῖς
1331 4093 1363 4167 oi
1378 4096 1557 4167 Λακεδαί-

390 4222 474 4283 μονα
488 4192 630 4283 ἔχοντες·
644 4198 888 4295 ἀγαπήσαντες
902 4200 942 4272 di
955 4206 986 4271 Γ
984 4198 1190 4293 ερονθράτας
1202 4200 1280 4283 τούς
1291 4196 1448 4290 ἀρχαίους
1462 4202 1556 4290 παρὰ

392 4301 485 4393 σφῶν
504 4297 667 4385 ἀποίκους
685 4301 894 4376 ἀπέστειλαν.
939 4310 1014 4375 Nam
1040 4308 1110 4374 illud
1136 4300 1341 4385 ἀναστάτοος
1360 4318 1391 4371 et
1410 4298 1555 4395 ἀναστή·

391 4424 507 4485 σαντες
523 4426 612 4472 uerno
632 4412 715 4475 lacile
733 4413 777 4477 sic
790 4416 957 4497 urgendum
980 4412 1109 4497 putabit,
1135 4422 1169 4477 ut
1188 4432 1293 4476 ornnes
1313 4422 1423 4475 veteres
1445 4410 1555 4475 incolas

392 4511 616 4594 expulsorem
630 4516 809 4579 mnenon·
819 4519 859 4593 ὀ
895 4516 1111 4581 remanserunt
1125 4516 1203 4581 bend
1218 4514 1308 4580 dubie
1323 4524 1369 4578 sat
1383 4512 1481 4588 multi,
1504 4514 1555 4577 sed

1394 4612 1398 4625 ,
1429 4620 1431 4627 ,
1513 4606 1529 4635 ,
1546 4608 1578 4637 „

460 4750 502 4816 43)
515 4749 594 4805 tteecs
605 4762 690 4807 menet
700 4755 814 4822 cunae,
831 4756 895 4810 illst
907 4759 954 4811 des
967 4774 1005 4827 pr.
1017 4766 1099 4829 temps
1111 4760 1143 4811 de
1155 4758 1181 4811 la
1192 4755 1285 4822 Grdoe,
1302 4710 1361 4811 ton.
1374 4754 1395 4809 li
1412 4692 1559 4823 pelliti!
1566 4696 1581 4735 u

391 4834 609 4908 ’.ΜΝ
623 4838 740 4909 prades
755 4834 774 4895 ri
787 4840 815 4894 lo
829 4841 905 4897 aaa·
919 4859 949 4896 es
970 4861 1019 4915 que
1033 4844 1121 4899 deest
1134 4844 1172 4918 lea
1187 4843 1294 4897 adm
1310 4837 1438 4913 lorsqu'ils
1452 4838 1558 4914 pudeat
