3792 5609
1011 1855 1060 1919 nn

438 1990 734 2086 ttttttttolttttt
758 1989 882 2084 ANNO
904 1989 1155 2085 succurunt
1177 1991 1241 2083 tn
1258 1989 1434 2083 tenen,
1450 1986 1541 2082 ECL
1556 1988 1619 2080 lt.

411 2305 429 2356 t
538 2280 584 2361 De
600 2303 703 2376 quartu
719 2293 838 2372 Vergilii
853 2293 967 2374 cetego,
987 2312 1063 2375 quoe
1076 2293 1129 2356 Cn.
1144 2294 1272 2357 Domitio
1287 2293 1405 2358 Golrino
1420 2293 1454 2356 ΙΙ.
1467 2294 1500 2356 st
1515 2292 1618 2356 ticinio

453 2397 577 2460 Polione
587 2397 672 2460 Coie
684 2417 710 2459 a.
722 2415 753 2458 u.
765 2417 790 2458 c
802 2395 935 2459 DCCXW
946 2397 1056 2480 scripte
1070 2405 1124 2470 eet,
1138 2397 1327 2461 consentiunt
1337 2397 1426 2460 hodie
1436 2396 1619 2477 interpretes,

456 2499 592 2580 gratulari
606 2519 642 2560 eo
657 2496 788 2560 mrrnine
802 2508 917 2578 poetnnr
929 2499 1045 2563 Potioni
1061 2501 1176 2564 concuti
1191 2500 1283 2563 titium
1294 2499 1399 2562 eodem
1409 2517 1488 2562 enno
1501 2507 1618 2562 uatum:

456 2603 524 2666 huic
537 2611 634 2665 eutem
649 2599 836 2682 gratulationi
851 2610 884 2664 ut
903 2621 989 2683 spem
1009 2621 1045 2664 ac
1059 2603 1286 2685 praedictionem
1301 2609 1468 2665 contexeret
1483 2599 1619 2663 felicioris
1661 2640 1665 2646 ·

458 2705 599 2786 temporie
617 2703 655 2766 ab
674 2704 733 2766 hoe
747 2702 813 2785 ipso
828 2722 915 2767 enno·
926 2705 1011 2787 pueri
1027 2705 1114 2768 natali
1130 2705 1244 2768 initium
1259 2703 1400 2775 habituri,
1420 2703 1536 2766 dnobus
1550 2720 1618 2764 eum

456 2806 618 2869 rationibus
633 2814 804 2888 permotum
819 2827 900 2883 esee,
914 2806 1044 2888 primunr
1060 2809 1138 2890 quoe
1154 2828 1226 2890 pore
1240 2805 1418 2870 Brundisino
1433 2824 1529 2886 nuper
1544 2805 1621 2866 inter

457 2908 646 2972 Octavianum
666 2918 695 2972 et
714 2909 875 2972 Antonium
896 2911 1079 2991 compositu,
1099 2911 1191 2974 -in
1212 2931 1269 2994 qm
1294 2907 1499 2992 componendo
1524 2907 1618 2989 ipsine

457 3011 587 3074 Poiionie
602 3011 679 3074 haud
696 3011 834 3074 minimae
849 3023 946 3093 partes
963 3015 1091 3089 surrent,
1111 3047 1153 3060 -—
1168 3013 1281 3096 speren'
1296 3021 1399 3094 peccet
1413 3014 1476 3075 iore
1490 3018 1524 3074 ut
1538 3009 1619 3073 orbis

455 3114 609 3178 Romanus
628 3113 725 3194 longis
745 3114 826 3177 bellis
845 3113 976 3177 cientem
996 3117 1093 3179 tereus
1111 3136 1147 3179 ec
1165 3117 1306 3180 taceretur
1325 3115 1444 3179 undem
1463 3111 1618 3195 eliqmndo

455 3217 650 3300 requiesceret
664 3236 698 3280 ac
712 3226 900 3290 recrearetur,
915 3217 1020 3280 deimte
1035 3218 1115 3300 quod
1130 3221 1276 3282 terrentur
1290 3237 1327 3281 eo
1341 3227 1475 3300 ternpore
1489 3215 1620 3280 reticnne

455 3320 561 3401 partim
573 3315 715 3400 Sibyllino
726 3317 832 3398 purtim
844 3319 906 3394 olio,
921 3339 996 3400 qum
1011 3320 1121 3383 instare
1135 3341 1272 3403 mugnone
1287 3320 1433 3402 quondum
1448 3319 1618 3382 conversio·

454 3439 521 3483 nem
541 3438 702 3500 rerumque
722 3419 855 3482 onmium
876 3420 1068 3484 mutationem
1089 3424 1119 3485 in
1139 3423 1243 3485 melius
1264 3420 1477 3503 pollicerentur.
1512 3421 1553 3482 De
1571 3419 1619 3480 irie

454 3523 541 3602 igitur
555 3519 670 3584 duobus
684 3519 847 3583 mtionibus
863 3523 1001 3602 quonium
1017 3523 1088 3587 cotie
1104 3525 1180 3587 inter
1194 3542 1298 3586 ornnes
1314 3528 1439 3592 constet,
1455 3520 1525 3583 nolo
1541 3538 1620 3582 nuuc

454 3635 585 3705 repetere
598 3641 673 3703 qnae
687 3623 766 3684 nulio
782 3623 901 3702 negotio
913 3643 948 3685 ex
960 3624 1074 3707 iieynii,
1090 3627 1188 3691 Voseii
1202 3626 1386 3704 aliorumque
1400 3620 1619 3684 commentariis

455 3724 594 3805 cognosci
610 3734 752 3805 poscunt3
766 3724 818 3786 reci
835 3743 923 3787 unam
940 3745 1035 3790 meam
1052 3728 1095 3790 rei
1111 3727 1346 3791 observationem
1360 3723 1404 3786 rel
1419 3723 1618 3786 coniecturum

456 3844 629 3906 expromere
653 3825 759 3908 piaret,
784 3825 972 3891 leviuscularn
992 3829 1069 3893 illem
1089 3831 1222 3912 quidem,
1248 3830 1301 3891 sed
1319 3827 1356 3892 eb
1374 3827 1434 3888 troc
1452 3823 1519 3904 ipso
1539 3824 1618 3906 quod

457 3947 547 4008 qumn
569 3927 694 3990 inarime
713 3929 828 4010 aqimus
850 3939 983 4010 tempore
1002 3933 1234 4014 suppeditatum,
1253 3933 1379 4011 ideoque
1396 3927 1434 3991 ab
1448 3925 1619 3989 huiusmodi

459 4029 633 4110 temporarie
647 4031 807 4111 scriptione
822 4042 976 4110 nonrerte
990 4035 1122 4097 alienam.
1149 4037 1226 4098 Sunt
1237 4033 1355 4116 quidem
1366 4031 1452 4094 etiem
1468 4028 1531 4102 atta,
1545 4047 1620 4108 quoe

458 4129 539 4192 irrite
552 4129 636 4192 elicui
652 4130 681 4192 in
696 4141 823 4195 mentem
839 4134 955 4196 venient
969 4135 1029 4198 lroc
1041 4145 1160 4217 tempor
1177 4156 1244 4199 cnm
1259 4135 1308 4198 iilo
1320 4153 1380 4214 quo
1391 4131 1491 4210 ecloga
1502 4127 1619 4207 Vergilii

459 4230 567 4312 rcripta
582 4240 630 4293 eet
643 4233 839 4314 comparanti:
854 4254 919 4316 por,
934 4245 967 4298 ut
982 4246 1053 4298 tuuc
1067 4237 1225 4312 Brundisii,
1240 4237 1284 4299 sic
1297 4251 1393 4316 nuper
1402 4231 1523 4295 Puririie
1535 4247 1620 4292 com·

459 4333 563 4414 postu,
578 4351 652 4415 queo
666 4335 776 4396 utimm
792 4335 905 4399 timrius
917 4357 1007 4419 quam
1023 4338 1068 4401 illu
1079 4339 1255 4403 anetirim
1266 4342 1414 4420 periuret,
1430 4335 1573 4414 tutiusque,
1586 4341 1621 4395 ut

460 4443 529 4498 tunc
543 4433 659 4498 Potioni
673 4435 801 4512 conteuti,
821 4438 865 4501 sic
878 4459 958 4504 nune
972 4441 1141 4525 imperatori
1156 4439 1319 4526 anoleoni
1334 4448 1437 4513 netur,
1453 4436 1538 4501 cuiue
1555 4437 1618 4498 tuu-

426 4552 442 4603 4
460 4537 591 4602 rtimirnu
605 4539 726 4621 augurio
742 4557 803 4602 non
818 4560 870 4603 eos
886 4543 999 4619 nolum,
1020 4564 1148 4628 qnorum
1164 4547 1212 4611 illo
1226 4563 1289 4608 rem
1305 4541 1450 4626 publicum
1466 4539 1618 4623 ponerem

460 4641 511 4704 ont
526 4660 630 4706 onmes
649 4643 746 4706 ieetmi
767 4645 810 4705 ier
830 4643 880 4719 rit,
898 4647 948 4727 qui
968 4648 1092 4713 cinerei
1113 4649 1246 4732 pubtieoe
1264 4657 1373 4712 ctutum
1394 4647 1513 4708 tirenum
1527 4655 1557 4706 ct
1571 4642 1619 4704 in·

460 4763 638 4808 concurrum
654 4747 762 4810 menori
778 4747 912 4830 cupient3
930 4751 983 4812 red
998 4761 1070 4816 neec
1083 4763 1171 4836 etque
1186 4751 1251 4817 tolie
1265 4749 1403 4833 percoqui
1418 4767 1514 4831 neque
1529 4742 1618 4809 noim
