3792 5609
869 922 890 930 ..
912 828 986 929 *tas
1000 922 1059 931 --.

373 1022 518 1108 Apollinis
531 1040 616 1084 sama
630 1018 894 1103 Amphictyonum
910 1020 979 1083 inde
993 1020 1030 1083 nh
1045 1019 1156 1083 ultimis
1171 1021 1355 1103 temporibus
1370 1022 1540 1086 communia

373 1127 470 1191 luisse
492 1133 605 1187 eertum
628 1132 684 1184 est.
729 1123 825 1203 Atque
847 1121 1016 1203 Apollineae
1045 1124 1122 1186 inter
1146 1122 1274 1187 advenas
1302 1124 1366 1188 illos
1391 1125 1540 1207 religionis

372 1232 588 1293 documentum
607 1224 696 1286 etiam
717 1224 774 1287 hoc
792 1232 851 1297 est,
872 1223 953 1305 quod
974 1225 1144 1299 Marathon,
1164 1242 1240 1305 quae
1258 1226 1416 1308 praecipua
1435 1228 1491 1291 luit
1505 1247 1539 1291 er

373 1340 516 1413 quauuor
534 1325 686 1408 tetrnpolis
705 1326 846 1401 urhihus,
866 1325 903 1389 ah
919 1326 1064 1409 Apollinis
1084 1327 1144 1389 llio
1160 1328 1291 1390 llaratho
1307 1346 1416 1392 nomen
1432 1330 1541 1395 hahere

372 1433 605 1517 putabatur20),
620 1430 760 1511 quodque
771 1429 867 1511 l‘pthii
877 1430 1023 1511 Apollinis
1035 1449 1085 1494 ara
1097 1430 1283 1494 sanctissima
1294 1432 1466 1497 hlarathnne
1477 1434 1540 1507 luit,

230 1605 237 1617 ,
374 1536 505 1617 itemque
524 1535 662 1618 Pythium
681 1532 817 1597 inaltero
833 1532 985 1615 tetrnpolis
1001 1534 1112 1617 oppido
1128 1534 1244 1607 Ornoi,
1264 1534 1314 1597 uhi
1330 1536 1461 1618 auspicia
1476 1538 1540 1621 capi

373 1638 470 1705 moris
492 1649 566 1714 erat,
590 1658 683 1721 speum
708 1637 837 1701 theonino
860 1636 991 1719 Delphos
1014 1638 1273 1717 mitterenturlt).
1314 1638 1415 1703 Xutho
1438 1659 1540 1723 porro,

373 1754 492 1829 praeter
508 1742 582 1807 alios
600 1742 711 1806 lihoros
730 1741 829 1805 statim
844 1742 1064 1825 producendos,
1083 1742 1141 1807 sslia
1156 1742 1298 1807 Diomede
1313 1743 1380 1807 dein
1395 1752 1450 1819 est,
1466 1762 1542 1829 quae

373 1847 478 1913 [ieiuni
497 1868 522 1910 s.
538 1847 669 1911 imenso
684 1846 882 1910 Phocensium
902 1848 964 1929 regi
979 1846 1119 1929 nupsisse
1139 1867 1174 1911 ex
1193 1867 1288 1931 eoquo
1307 1848 1468 1931 Cephalum
1488 1867 1541 1931 pe·

373 1952 489 2035 perisse
508 1951 688 2029 dicitur³⁰).
723 1951 752 2014 is
776 1951 862 2014 Attici
886 1952 965 2035 regis
985 1952 1138 2016 Erechthei
1159 1952 1248 2016 tiliam
1274 1952 1397 2017 Procrin
1418 1971 1541 2017 uxorem

374 2056 471 2127 eluxit,
491 2056 663 2139 posterique
681 2054 759 2128 eius,
781 2056 970 2138 Cephalione,
995 2076 1071 2139 quae
1090 2075 1163 2137 gens
1179 2058 1233 2121 luit
1253 2056 1330 2121 inter
1348 2057 1541 2121 Athenienses

374 2178 438 2223 non
456 2158 604 2240 ignohilis,
624 2159 656 2222 in
675 2158 820 2233 Thorico,
839 2159 951 2224 Atticae
970 2179 1057 2242 pago,
1077 2160 1178 2223 sedem
1194 2161 1364 2225 habehant³
1377 2168 1415 2240 Ι),
1434 2162 1464 2225 in
1481 2180 1541 2244 quo

271 2282 273 2286 ·
376 2264 518 2346 templum
538 2262 682 2346 Apollinis
707 2262 763 2326 luit
784 2261 1059 2343 religiosissimum,
1084 2274 1114 2327 et
1135 2264 1280 2345 gentilicia
1304 2264 1392 2327 etiam
1411 2264 1475 2328 eius
1495 2265 1541 2329 dei

375 2386 460 2433 sacra
474 2366 640 2451 Cephalidis
658 2366 752 2431 luisse
771 2366 984 2447 rislentur³²):
1004 2368 1084 2451 quod
1105 2367 1131 2431 si
1150 2386 1251 2432 renim
1271 2378 1332 2443 est,
1351 2367 1410 2431 hoc
1424 2386 1543 2453 quoque

374 2472 510 2536 nonnihil
529 2472 615 2537 laciet
633 2472 672 2536 ad
691 2472 964 2555 comprobandum,
988 2472 1066 2555 quod
1086 2472 1229 2547 diximus,
1252 2471 1395 2555 Apollinis
1414 2472 1542 2538 advenas

376 2577 451 2653 illos,
465 2576 517 2659 qui
531 2576 621 2640 Xuthi
637 2576 759 2640 nomine
774 2576 987 2659 signiticnntur,
1003 2578 1133 2641 cultores
1149 2576 1251 2641 luisse.

460 2680 551 2744 lilios
567 2681 667 2745 Xutho
682 2681 839 2764 Euripides
854 2701 916 2746 non
931 2701 984 2744 eos
1000 2681 1111 2757 solum,
1131 2698 1207 2763 qtros
1228 2680 1275 2745 alh
1295 2698 1414 2763 quoque
1428 2698 1544 2755 memo·

377 2796 452 2860 rant,
474 2784 576 2849 ionem
590 2796 621 2848 et
634 2787 795 2859 Achaeum,
816 2786 940 2849 alterum
956 2786 1134 2869 priuignum,
1157 2786 1280 2849 alterurn
1296 2786 1469 2857 naturalem,
1493 2786 1545 2849 sed

377 2890 467 2953 edam
484 2890 599 2953 [lorum
623 2890 718 2966 dedit,
744 2889 854 2953 scilicet
878 2890 993 2973 poetica
1016 2890 1131 2953 licentia
1155 2889 1192 2953 ad
1212 2888 1399 2970 popularium
1419 2906 1544 2952 suorum

379 2993 501 3073 gloriam
520 2992 649 3070 ahusus,
669 3003 703 3057 ut
722 2994 911 3057 horiensium
930 3012 1050 3076 quoque
1069 2994 1199 3075 origines
1220 3012 1255 3055 ex
1270 2992 1364 3055 Attica
1380 3011 1447 3054 esse
1464 2992 1545 3056 ride·

377 3107 490 3161 rentur.
524 3097 626 3160 lonem
646 3107 745 3161 nutem
763 3108 794 3160 ct
812 3098 962 3162 Achaeum
982 3106 1125 3160 constans
1145 3098 1223 3160 lanan
1241 3105 1287 3159 est
1305 3113 1364 3159 uon
1379 3113 1447 3158 cum
1462 3104 1546 3177 patre

333 3216 361 3267 to
379 3200 408 3264 in
427 3200 667 3283 Peloponnesum
689 3201 870 3279 abiissem).
911 3200 1057 3265 Nimirum
1074 3199 1164 3263 Xuthi
1184 3200 1308 3283 eiusque
1327 3198 1472 3263 comitum
1491 3199 1544 3263 nd·

380 3316 467 3367 rentu
482 3305 641 3370 lsonrinum
656 3306 814 3369 ritultitmlo
829 3304 990 3388 populique
1005 3324 1079 3387 opes
1093 3303 1137 3367 sic
1150 3304 1313 3368 accrevisse
1328 3302 1482 3377 dicuntur,
1502 3310 1544 3378 ut,

378 3427 471 3490 «prum
486 3428 592 3491 capere
607 3428 713 3473 orranes
729 3409 822 3472 Attica
837 3426 898 3471 non
913 3418 1027 3491 posset,
1043 3408 1127 3473 multi
1143 3408 1251 3490 partim
1268 3406 1298 3469 in
1310 3406 1458 3487 Aeginium
1475 3425 1545 3489 per·

378 3512 430 3575 tim
445 3514 476 3575 in
491 3512 660 3594 Argolidum
676 3512 714 3575 nd
729 3522 872 3593 cognatos
887 3530 961 3576 suos
977 3512 1100 3575 nhircnt.
1135 3512 1210 3575 Nnrn
1225 3520 1369 3593 cognatos
1385 3508 1454 3573 olim
1470 3509 1545 3573 Atti·

378 3614 422 3677 ris
436 3614 560 3696 Argivos
576 3618 669 3679 luisse
681 3625 711 3679 ct
730 3615 847 3679 aliunde
861 3616 957 3697 colligi
973 3627 1088 3699 potest,
1108 3625 1138 3679 et
1156 3614 1334 3679 nPausania
1353 3612 1544 3694 significatur,

379 3736 469 3797 quum
484 3718 534 3780 lib.
546 3718 572 3781 ll
586 3739 611 3782 c.
625 3720 677 3792 ³7,
689 3719 709 3783 3
723 3719 829 3782 eodem
844 3728 990 3801 utrosque
1004 3737 1143 3783 sermono
1159 3736 1233 3781 usos
1248 3737 1316 3781 esse
1331 3716 1380 3780 nit
1414 3715 1468 3778 Alii
1484 3715 1545 3779 duo

380 3816 469 3881 loun
484 3819 544 3893 lilii,
559 3823 664 3885 Aeolus
678 3831 708 3885 et
721 3821 850 3897 Gothus,
870 3842 964 3905 quum
980 3822 1010 3886 in
1026 3822 1150 3886 hnitimn
1164 3820 1285 3886 Boeotia
1301 3830 1364 3883 lum
1379 3816 1409 3881 in
1425 3817 1545 3881 Euboea

449 4012 491 4074 25)
509 4010 616 4065 Pansae.
629 4013 648 4080 l,
660 4013 702 4080 33,
715 4016 741 4068 A.
765 4016 835 4069 Snid.
849 4032 870 4068 s.
884 4031 909 4068 ν.
923 4012 1087 4087 Μαραθών.
1116 4016 1269 4083 Quamquam
1286 4014 1318 4065 ah
1330 4012 1388 4065 aliis
1400 4010 1477 4063 allum
1489 4010 1546 4063 huie

383 4103 510 4161 penaten
521 4098 605 4151 tatu·
617 4116 674 4152 esse
686 4102 787 4170 exipso
800 4102 924 4156 Pausania
937 4103 1017 4171 liquet
1028 4102 1058 4169 ll,
1073 4103 1094 4170 l,
1110 4103 1132 4154 1.

448 4180 491 4243 ²⁹)
509 4182 593 4235 S‘hol.
610 4186 686 4253 Scin.
699 4187 762 4240 ord.
774 4190 830 4240 tlol.
843 4204 870 4242 r.
885 4189 960 4241 lutt.
988 4188 1026 4241 (li.
1039 4188 1120 4241 Curtii
1133 4186 1368 4240 commentationem
1380 4182 1546 4252 praestnotis·

384 4264 479 4329 ⁸5¹¹&
496 4264 549 4317 Zur
564 4268 712 4324 tisschielte
728 4274 774 4325 des
785 4272 948 4341 Wegehaues
963 4274 1006 4327 hei
1016 4276 1065 4327 den
1079 4272 1218 4335 Gnechen,
1236 4271 1261 4325 in
1278 4270 1351 4323 Actis
1366 4268 1444 4321 Aend.
1461 4268 1548 4320 lierni:

383 4364 441 4401 Ν·
455 4350 529 4414 ¹⁸⁵⁴,
542 4353 585 4404 ull
596 4356 659 4407 hane
670 4356 695 4408 ia
707 4360 827 4428 tetrapoli
839 4361 952 4427 osacen,
965 4376 1014 4412 aon
1025 4358 1142 4427 alteram,
1154 4374 1219 4426 qnae
1232 4370 1309 4426 prope
1322 4354 1475 4407 Eleutherna
1488 4351 1544 4419 lnlt,

385 4434 572 4501 meuid‘ndam
583 4454 641 4491 esse
652 4443 840 4499 demostratus
850 4462 874 4516 p.
888 4446 948 4499 330.

453 4520 653 4591 consperserat
653 4526 762 4592 .r‚o,.a
840 4581 844 4587 ,
909 4548 926 4560 ·-
976 4542 998 4573 .·
1053 4562 1057 4573 .

452 4606 496 4673 ιι)
513 4606 601 4664 uno
613 4612 900 4687 commaneat
981 4640 984 4647 ι
1082 4634 1085 4641 ·

453 4694 496 4759 33)
514 4693 630 4750 ΙιοΙΙοι.
643 4698 703 4751 ilar.
714 4700 828 4770 lpm.
935 4713 947 4739 ἰ·

453 4781 497 4848 ³³)
515 4775 686 4852 Apollodorus
701 4788 829 4855 geiloni,
841 4790 865 4860 3,
879 4791 904 4859 3,
915 4790 980 4846 hita
992 4782 1130 4861 loquitor,
1142 4798 1173 4843 aa
1189 4789 1211 4841 sl
1223 4788 1248 4841 ln
1260 4788 1436 4887 Peloponneso
1448 4787 1547 4871 donna

389 4864 438 4919 ’ἦ
448 4876 550 4934 mli
562 4870 607 4922 Η
618 4870 667 4923 Μ
676 4870 867 4938 tritemoria·
859 4876 972 4931 muriae
984 4878 1166 4947 impetendam
1156 4866 1277 4929 uide'tnr.
