3792 5609
672 1897 899 1989 ut'l'utulx
929 1897 988 1989 uu
1011 1895 1308 2012 ululatuum,

907 2129 946 2172 lu
962 2129 1071 2173 (ist-li·

350 2382 386 2434 aa
494 2353 539 2434 lle
565 2389 691 2433 nunaeeo
715 2370 943 2434 dieasteriorum
964 2389 1143 2453 quamquam
1164 2371 1233 2434 eneti
1253 2370 1362 2454 aliquid
1383 2379 1413 2433 ot
1432 2371 1575 2452 explorati

407 2473 505 2538 allerri
520 2495 611 2555 qualeae
625 2475 767 2556 despero,
786 2482 884 2538 tamen
899 2475 979 2538 haud
995 2475 1049 2538 abs
1065 2495 1096 2538 re
1113 2476 1175 2537 lore
1191 2476 1283 2550 duco,
1298 2485 1430 2538 ootemm
1447 2474 1574 2557 scrioto-

407 2598 474 2642 rum
495 2579 592 2654 locos,
613 2599 649 2642 ex
668 2579 777 2661 quilius
799 2579 898 2644 uolanis
914 2580 987 2643 haec
1002 2579 1136 2662 eqauaeatio
1151 2579 1275 2663 peuulet,
1294 2579 1392 2663 paullo
1407 2579 1575 2644 accuratius

408 2683 591 2759 examinare,
619 2703 713 2764 quom
739 2685 913 2765 praeaedim
940 2683 1000 2747 slot
1025 2683 1055 2747 iu
1082 2683 1118 2747 ila
1144 2683 1292 2762 nonnulli,
1319 2684 1356 2748 do
1381 2703 1511 2766 quotum
1530 2682 1574 2748 vot

408 2788 616 2852 ememlatioue
631 2788 675 2851 uel
692 2788 886 2872 explicatione
901 2788 1077 2852 sententiam
1093 2807 1190 2853 meam
1206 2791 1362 2854 eliodorum
1378 2788 1486 2852 iudicio
1502 2807 1574 2872 pro·

407 2913 520 2978 ponere
534 2893 662 2976 caldam.
690 2895 733 2958 de
747 2892 877 2978 primunt
893 2893 931 2957 de
944 2891 1102 2958 seltoliaata
1117 2893 1279 2976 deiatoplt,
1295 2893 1346 2976 qui
1362 2893 1391 2958 iu
1408 2894 1510 2958 elecem
1527 2891 1573 2958 di·
1618 2943 1622 2951 .

407 2999 541 3063 eaeteeiia
557 2999 681 3062 sortitos
696 2997 807 3062 iudioea
823 2997 938 3061 oculisne
954 2999 1049 3074 tradit,
1065 2998 1135 3079 quid
1148 2999 1336 3063 statuendum
1349 2999 1421 3062 mihi
1433 2998 1575 3074 uideatur,

408 3121 499 3186 aupra
513 3103 639 3186 exposui
655 3110 684 3182 a.
693 3103 740 3167 xt.
764 3102 876 3168 l’otitun
892 3112 1000 3180 aulem,
1015 3103 1095 3166 hune
1107 3122 1199 3166 uumm
1212 3102 1268 3167 silai
1281 3113 1433 3168 auctorem
1446 3121 1574 3185 sequen·

406 3207 477 3270 dum
500 3216 625 3290 putans,
645 3207 676 3270 in
696 3205 892 3288 congerendis
911 3208 1013 3270 decem
1029 3206 1255 3271 lleliastieorum
1276 3206 1501 3272 dieasteeiouun
1518 3227 1574 3271 no·

408 3311 541 3376 minium
555 3313 634 3376 varie
648 3312 764 3376 erravit.
791 3310 925 3374 Prinuuu
942 3313 1021 3374 enim
1038 3314 1119 3393 quod
1134 3323 1275 3394 quattuor
1289 3312 1429 3394 Ephetiea
1444 3313 1503 3376 hoc
1517 3329 1574 3374 nu-

406 3435 491 3480 mero
506 3415 740 3500 comprehendit,
755 3415 883 3498 probare
897 3435 959 3480 non
975 3437 1111 3499 ponunt.
1135 3415 1168 3480 ln
1180 3415 1308 3480 l’alladio
1325 3417 1444 3498 quidem
1460 3417 1497 3480 de
1509 3437 1575 3479 eae·
1657 3465 1660 3472 .

407 3521 495 3584 ‹libuo
520 3521 690 3585 inmaeulto
716 3520 802 3584 laetis
826 3520 1037 3585 Demosthenis
1063 3530 1155 3584 aetate
1175 3517 1319 3584 lleliaatas
1343 3521 1489 3586 iudicasse
1515 3540 1575 3585 nou

354 3632 388 3685 :tt
409 3627 539 3707 nego¹);
559 3624 667 3708 qamdai
686 3626 724 3688 de
744 3624 793 3689 luis
813 3625 852 3688 illi
872 3625 1053 3701 inclinarunt,
1073 3623 1225 3708 probabile
1244 3633 1291 3686 est
1309 3624 1396 3688 etiam
1413 3625 1442 3690 in
1458 3626 1577 3708 [lelplai-

409 3727 460 3791 uio
481 3729 603 3792 eoadem
623 3730 734 3793 iudieea
755 3729 862 3805 luisse,
881 3747 974 3812 quum
990 3729 1057 3812 quis
1072 3728 1205 3792 occisum
1222 3749 1238 3791 a
1253 3749 1286 3792 se
1300 3728 1455 3792 hominnm
1472 3733 1576 3794 laetere-

411 3842 468 3906 tur,
489 3833 544 3895 aed
564 3832 627 3894 iuee
646 3853 765 3896 mnam
779 3852 846 3896 esee
861 3832 1038 3896 detondeant.
1075 3834 1259 3913 Quamquam
1276 3840 1348 3894 aunt
1361 3831 1482 3914 quidam
1498 3833 1576 3916 apud

412 3933 639 3997 deanouheuem
663 3936 736 4008 loei,
761 3936 812 4019 qui
838 3935 999 4000 ostendant
1023 3953 1061 3996 ne
1086 3933 1159 3996 haee
1182 3932 1300 4014 quidem
1321 3932 1352 3994 iu
1372 3931 1528 4013 llelpldnio
1549 3944 1579 3996 et

412 4033 542 4098 Palladio
556 4035 663 4101 iudicia
675 4037 798 4122 Elouetia
813 4039 900 4119 plane
914 4039 1052 4118 adempta
1067 4035 1160 4099 luisse
1176 4039 1234 4113 (or.
1246 4034 1276 4097 iu
1287 4033 1460 4097 Aristocrat.
1470 4054 1500 4116 p.
1506 4035 1579 4109 6³2.

410 4136 442 4198 in
452 4137 601 4200 llacartat.
611 4155 641 4220 qt.
650 4139 761 4217 tudun
775 4139 856 4203 unde
866 4139 1036 4204 dilllcillima
1047 4137 1163 4202 exsistit
1172 4136 1314 4218 quaestio,
1325 4153 1468 4218 quaenam
1477 4135 1576 4218 Ephe

413 4247 511 4300 tarum
530 4238 625 4302 odida
645 4259 760 4323 quaque
779 4241 894 4305 mtioue
912 4259 982 4304 naum
998 4237 1134 4302 lleliantis
1150 4237 1366 4301 communicata
1382 4245 1434 4300 aut
1446 4236 1533 4317 plane
1547 4237 1577 4302 io

411 4340 469 4403 laos
488 4341 626 4404 mostata
640 4341 710 4405 sint.
743 4343 819 4407 lluie
832 4343 914 4408 nodo
930 4343 1074 4406 solvendo
1090 4340 1233 4422 imparem
1249 4357 1378 4412 meeese
1392 4338 1519 4418 ingenue
1534 4340 1577 4402 la·

481 4682 506 4747 ll
525 4680 564 4734 cl.
572 4679 679 4735 leoena
691 4682 717 4734 ia
729 4681 873 4738 Callimeh.
881 4702 904 4738 e.
911 4685 953 4750 21,
965 4685 1007 4736 ubl
1020 4683 1174 4752 sequemet
1187 4681 1283 4735 ludione
1295 4681 1320 4734 ia
1332 4680 1444 4735 Palladio
1456 4679 1488 4733 ele
1500 4678 1577 4732 caede

411 4785 460 4823 ιοι
472 4767 617 4824 volutari·
628 4767 753 4823 tottam
765 4779 909 4825 mter.
931 4769 990 4825 Noa
1001 4768 1115 4824 ambit
1125 4768 1198 4822 notu
1210 4767 1261 4822 teet
1272 4767 1434 4822 ldatthiaeaa.
