3792 5609
977 745 1018 811 82

408 939 558 1021 plebeios,
577 936 626 999 liis
646 936 747 1016 insilis
767 944 889 999 senatus
908 936 1114 999 auctoritatem
1130 936 1239 1000 nuuam
1255 957 1322 1001 esse
1336 937 1471 1021 potuisse
1485 956 1578 1020 appa·

407 1053 462 1105 ret
480 1077 523 1089 -
538 1042 639 1121 Neque
653 1040 722 1121 plus
737 1039 834 1103 auxilii
849 1038 1018 1121 suprpsrditat
1033 1039 1106 1102 alter
1120 1038 1193 1103 Liuii
1208 1040 1291 1105 loeus
1306 1042 1343 1105 da
1357 1060 1516 1106 censorum
1533 1042 1579 1105 iu·

408 1145 565 1207 stitutione.
583 1140 633 1206 lib.
648 1144 687 1206 lt'
706 1164 770 1226 cap
787 1145 821 1207 8:
843 1142 953 1206 incutio
981 1142 1066 1206 illuto
1094 1141 1130 1205 ab
1157 1156 1260 1227 aarum
1285 1156 1334 1209 ert.
1361 1180 1403 1193 -
1428 1146 1464 1211 El
1479 1156 1581 1229 petrea

407 1266 589 1331 quamquem
606 1265 669 1309 reor
678 1266 819 1329 parvom,
834 1259 942 1322 turum,
957 1266 1013 1329 pro
1031 1246 1135 1330 plures
1150 1250 1274 1330 patricii
1291 1252 1479 1331 senmurum
1496 1250 1529 1311 ira
1548 1267 1582 1311 re

403 1350 733 1434 pertranseundum
750 1370 895 1435 arcemn,
922 1384 964 1397 -
990 1361 1018 1414 rt
1036 1350 1150 1415 tribuni
1175 1384 1217 1397 -
1241 1350 1323 1415 duod
1340 1370 1411 1417 sorra
1429 1353 1580 1417 retrudere.

407 1456 498 1519 lluue
516 1456 616 1519 locum
638 1464 778 1536 tanquam
799 1455 1005 1519 sacratissimum
1026 1474 1098 1518 strae
1116 1454 1279 1519 sententiae
1294 1456 1496 1520 adiumentum
1511 1454 1580 1519 Nie-

407 1559 538 1624 bubrius
551 1560 651 1622 laudat
666 1568 738 1623 torn.
751 1558 777 1621 ll
792 1580 821 1642 p.
834 1560 907 1634 255,
922 1558 1056 1639 aliosque
1072 1577 1140 1621 eum
1156 1567 1205 1621 aul
1219 1568 1306 1622 caulo
1321 1560 1451 1641 quodam
1465 1560 1581 1641 silentio

409 1663 649 1747 praetermisisse
668 1674 720 1727 aul
738 1673 848 1728 tetulero.
873 1672 987 1727 accubuo
1007 1672 1131 1726 conatos
1152 1684 1219 1727 esse
1240 1660 1421 1726 criminatur.
1466 1664 1583 1727 Scilicet

410 1771 536 1851 Pighius
556 1768 714 1850 legendum
735 1778 848 1833 cursel:
877 1772 983 1831 stratio
1007 1767 1092 1831 illoto
1115 1766 1151 1831 ob
1174 1766 1342 1831 coronalibus
1361 1770 1393 1830 iu
1412 1780 1514 1831 amamur
1532 1778 1582 1839 tal,

411 1892 541 1955 cauasque
554 1873 755 1936 coniecturam
772 1871 1030 1935 licalrcrdsoccbius
1046 1872 1084 1935 ila
1100 1870 1215 1953 probat.
1231 1880 1263 1934 ut
1279 1879 1378 1935 tanim
1394 1870 1461 1934 illud
1478 1890 1497 1933 o
1513 1890 1582 1934 torr-

412 1976 528 2039 radibru
543 1976 639 2039 asrrritti
654 1976 736 2050 colit,
751 1994 847 2057 neque
863 1975 1005 2056 vulgariam
1021 1975 1192 2049 lectionem,
1208 1993 1283 2055 cpuae
1298 1974 1434 2037 codicum
1449 1974 1584 2037 omniurn

415 2071 592 2143 auctoritate
606 2081 808 2153 conlimatur,
831 2097 955 2161 prroraus
971 2078 1169 2159 spernendam
1185 2076 1240 2140 sibi
1256 2078 1347 2141 rideri
1363 2078 1516 2159 significet
1548 2076 1586 2139 Et

412 2183 485 2265 spuis
500 2202 567 2245 eam
583 2192 720 2263 sprerunt,
740 2184 831 2245 modo
846 2201 884 2245 ne
899 2182 929 2243 in
944 2180 1070 2243 alienam
1086 2180 1262 2245 sententiam
1278 2176 1510 2263 detorqueatur?
1532 2178 1583 2241 ui-

416 2286 528 2367 stingui
547 2285 605 2347 lroc
627 2286 693 2348 loeo
712 2293 811 2366 patres
827 2305 844 2346 a
859 2294 963 2346 senatu
980 2284 1170 2347 manifestum
1186 2294 1245 2347 cst:
1268 2300 1323 2347 nee
1339 2302 1411 2347 sane
1426 2282 1584 2364 quisquam

418 2390 477 2451 boo
502 2388 672 2462 naiadum,
699 2388 755 2449 nisi
783 2388 832 2469 spui
852 2397 952 2470 palms
971 2387 1068 2449 nullos
1088 2395 1293 2468 praeterquam
1313 2386 1344 2447 in
1364 2395 1470 2449 senatu
1492 2384 1585 2447 baisse

418 2491 582 2560 existimet.
602 2490 632 2551 id
652 2490 732 2571 quod
746 2490 836 2551 bmlie
849 2491 1001 2553 nominem
1017 2510 1084 2551 esso
1099 2490 1149 2571 qui
1165 2490 1264 2551 eradat
1278 2507 1333 2571 pro
1349 2496 1430 2551 certo
1445 2486 1585 2551 allrrmari

419 2604 533 2677 potcst;
554 2602 585 2654 at
603 2592 640 2653 do
659 2601 746 2655 coetu
764 2592 893 2673 qcrodaru
914 2602 943 2655 et
958 2591 1082 2655 concilio
1098 2592 1206 2655 borum
1222 2602 1353 2673 patnrm,
1375 2590 1425 2673 qui
1439 2600 1520 2655 extra
1536 2610 1585 2652 se·

418 2707 522 2761 natum
542 2704 658 2770 essent,
678 2694 756 2757 iusto
777 2716 811 2758 ae
825 2694 956 2776 legitimo
971 2694 1083 2757 nullum
1098 2694 1233 2776 equidem
1250 2694 1279 2757 iu
1294 2692 1367 2756 licii
1383 2692 1478 2757 serbis
1493 2694 1584 2757 vesti·

368 2813 397 2865 11
419 2801 498 2883 glum
517 2820 567 2862 me
581 2797 713 2861 inuenire
728 2800 881 2861 conliteor.
925 2796 1103 2861 Niebuluius
1119 2796 1238 2879 quidem
1254 2806 1317 2859 loru
1331 2795 1357 2860 11
1371 2816 1401 2879 p.
1418 2796 1480 2860 437
1496 2813 1584 2859 sena·

420 2913 467 2967 tus
483 2904 519 2965 de
534 2900 709 2965 censoribus
724 2900 859 2964 creandis
874 2901 1024 2964 decretum
1040 2922 1056 2965 a
1072 2900 1161 2965 curiis
1177 2910 1329 2983 acceptum
1346 2900 1417 2979 (boc
1427 2900 1505 2962 enirn
1517 2918 1584 2962 esse

421 3008 502 3071 illud:
520 3016 625 3089 potres
638 3024 701 3067 reor
716 3005 786 3068 laeti
798 3006 949 3087 accepere)
965 3005 1071 3067 deiude
1088 3004 1116 3067 in
1133 3003 1249 3067 tributis
1265 3002 1408 3079 comitiis,
1430 3021 1492 3065 non
1506 3002 1583 3065 resi·

421 3110 566 3172 stantibus
581 3108 722 3182 tribunis,
741 3108 886 3192 perlatum
905 3130 973 3171 esse
988 3116 1097 3171 narrat.
1141 3107 1254 3190 Nempe
1268 3106 1348 3171 bunc
1362 3106 1404 3170 rei
1419 3115 1517 3189 gestae
1533 3124 1583 3167 or·

421 3214 519 3277 diuam
533 3232 596 3276 non
611 3232 646 3275 ex
658 3211 730 3276 Licii
745 3210 842 3274 recisis
857 3211 1005 3293 cognorit,
1022 3212 1073 3275 sed
1085 3212 1201 3275 aliunde
1213 3210 1268 3273 sibi
1281 3208 1462 3292 probabilem
1475 3209 1585 3272 lactum

420 3316 449 3380 iu
463 3316 580 3381 Lirium
595 3316 659 3399 ipse
674 3316 778 3379 intulit.
823 3315 915 3378 Nobis
931 3325 1031 3379 autern
1046 3313 1145 3378 Liuius
1161 3313 1232 3377 nibil
1247 3312 1305 3375 nisi
1320 3313 1378 3377 hoc
1392 3313 1488 3377 dicere
1503 3310 1583 3375 cide·

420 3434 478 3485 tur:
502 3420 718 3503 promulgatam
738 3438 773 3482 ex
793 3428 914 3481 senalus
934 3420 1071 3482 consulto
1091 3418 1128 3480 de
1148 3416 1321 3503 censoribus
1342 3416 1476 3481 creandis
1497 3436 1583 3498 roga·

419 3526 531 3588 tionem
551 3532 581 3587 et
599 3522 723 3605 palrieio
743 3521 841 3584 ordini
860 3532 973 3603 gratam
995 3522 1088 3585 luisse
1107 3529 1136 3585 et
1151 3542 1168 3585 a
1184 3520 1308 3583 tribunis
1324 3538 1386 3582 non
1402 3520 1583 3603 impeditam.

420 3662 462 3674 —
476 3630 572 3692 Porro
587 3626 618 3690 iu
633 3625 723 3689 llacri
738 3624 846 3689 uilium
862 3626 997 3689 oratioue
1012 3625 1089 3709 apud
1106 3622 1275 3687 Sallustium
1291 3622 1395 3686 histor.
1417 3624 1519 3704 fragm
1535 3623 1583 3686 lib.

332 3721 336 3729 ’
420 3730 458 3792 lll
478 3732 514 3792 lr.
530 3729 572 3792 22
592 3730 665 3792 baec
682 3730 832 3810 leguntur:
860 3748 895 3791 aa
916 3748 967 3791 eoa
988 3730 1026 3793 od
1045 3726 1146 3791 uiridia
1165 3725 1218 3789 ido
1237 3737 1351 3798 norem.
1377 3744 1433 3807 quo
1452 3725 1587 3789 triburam

418 3831 522 3913 plebei,
536 3833 621 3895 modo
632 3834 793 3914 patricium
807 3836 1020 3914 mopiatroboa,
1035 3832 1130 3895 libero
1144 3830 1182 3894 ob
1197 3828 1366 3893 auctoribus
1374 3830 1509 3912 patriciis
1519 3829 1586 3910 rars-

420 3937 521 4015 [rupie
535 3937 661 3997 maiorer
674 3938 765 3997 uestri
774 3954 931 4017 paravere.
976 3936 1060 3997 llune
1076 3934 1162 4016 igilur
1176 3931 1316 4017 patricios
1331 3930 1465 3993 ridemus
1481 3938 1585 3993 aueto-

423 4036 600 4108 mediocre,
619 4035 670 4117 qui
689 4035 726 4098 ab
745 4036 809 4099 aliis
829 4045 929 4119 patres
948 4035 1005 4099 dici
1026 4038 1138 4109 solent,
1160 4044 1194 4099 ut
1212 4032 1328 4097 etiamsi
1347 4030 1414 4114 quis
1431 4040 1534 4112 potres
1548 4032 1585 4093 de

422 4146 526 4198 senatu
541 4136 632 4217 aceipi
646 4157 737 4218 posse
750 4140 901 4212 conrodat,
920 4140 1117 4220 patriciorum
1132 4145 1230 4199 tarrcen
1244 4152 1365 4207 nomeu,
1381 4149 1474 4213 quum
1490 4131 1520 4194 in
1536 4152 1585 4193 se·

422 4245 495 4299 natu
509 4237 578 4299 inde
588 4236 625 4299 ab
637 4237 720 4307 initio
730 4238 838 4305 liberae
850 4240 1027 4322 reipublicae
1038 4240 1126 4303 etiam
1137 4236 1241 4320 plebeii
1253 4234 1370 4309 luerint,
1386 4232 1477 4295 uideri
1489 4231 1587 4313 possit

423 4339 591 4401 creemsario
605 4338 642 4401 de
656 4338 713 4402 alio
727 4344 856 4423 quodam
871 4342 1007 4417 concilio,
1022 4342 1052 4404 ln.
1067 4360 1093 4405 e.
1109 4340 1146 4403 de
1160 4338 1288 4403 comitiis
1303 4336 1423 4400 oculatis
1438 4333 1585 4415 aecipien-

424 4441 495 4504 dum
510 4460 587 4502 esse.
630 4440 709 4503 Sane
728 4443 754 4503 si
769 4461 898 4526 nuquam
914 4447 1116 4509 oudon‘toteaa
1130 4440 1249 4506 curiatis
1264 4436 1392 4502 comitiis
1407 4456 1424 4499 a
1439 4435 1586 4499 ceterbus

426 4540 565 4604 tributam
583 4561 651 4604 esse
669 4552 833 4619 constaret,
858 4564 920 4609 non
939 4547 1152 4609 intercederem
1171 4540 1330 4625 quominus
1350 4548 1381 4603 et
1398 4540 1456 4603 boe
1474 4538 1541 4602 loeo
1557 4545 1588 4599 et

425 4643 475 4705 illo
488 4642 610 4705 liciano
625 4643 675 4718 vl,
691 4643 733 4707 tr
747 4644 784 4707 de
798 4664 858 4727 quo
873 4665 963 4729 supra
978 4648 1089 4711 dietum
1105 4655 1160 4721 est,
1175 4646 1248 4709 baec
1262 4640 1391 4717 comitia,
1408 4642 1517 4725 quippe
1531 4658 1586 4721 pa-

425 4742 578 4809 triciorum
592 4746 813 4827 quodammodo
827 4750 948 4829 propria
963 4760 993 4815 et
1006 4770 1023 4814 a
1039 4750 1146 4833 quibus
1161 4744 1275 4848 plebeii,
1290 4762 1383 4827 quum
1397 4744 1470 4809 nibil
1484 4762 1518 4807 se
1532 4739 1586 4805 ad·
