<?xml version="1.0" encoding="UTF-8"?>
<!DOCTYPE html PUBLIC "-//W3C//DTD XHTML 1.0 Transitional//EN"
    "http://www.w3.org/TR/xhtml1/DTD/xhtml1-transitional.dtd">
<html xmlns="http://www.w3.org/1999/xhtml" xml:lang="en" lang="en">
 <head>
  <title>
</title>
<meta http-equiv="Content-Type" content="text/html;charset=utf-8" />
  <meta name='ocr-system' content='tesseract 3.04.00' />
  <meta name='ocr-capabilities' content='ocr_page ocr_carea ocr_par ocr_line ocrx_word'/>
</head>
<body>
  <div class='ocr_page' id='page_1' title='image "./opusculaacademi02schgoog_0067.png"; bbox 0 0 3792 5609; ppageno 0'>
   <div class='ocr_carea' id='block_1_1' title="bbox 974 739 1015 806">
    <p class='ocr_par' dir='ltr' id='par_1_1' title="bbox 974 739 1015 806">
     <span class='ocr_line' id='line_1_1' title="bbox 974 739 1015 806; baseline 0.049 -2"><span class='ocrx_word' id='word_1_1' title='bbox 974 739 1015 806; x_wconf 76' lang='grc'><strong>38</strong></span> 
     </span>
    </p>
   </div>
   <div class='ocr_carea' id='block_1_2' title="bbox 410 923 1593 3498">
    <p class='ocr_par' dir='ltr' id='par_1_2' title="bbox 410 923 1593 3498">
     <span class='ocr_line' id='line_1_2' title="bbox 450 923 1576 1016; baseline 0.01 -31"><span class='ocrx_word' id='word_1_2' title='bbox 450 923 682 1004; x_wconf 82' lang='lat' dir='ltr'><strong>pieudelueretur,</strong></span> <span class='ocrx_word' id='word_1_3' title='bbox 702 931 882 1012; x_wconf 77' lang='lat' dir='ltr'><strong>imperatum</strong></span> <span class='ocrx_word' id='word_1_4' title='bbox 897 929 987 1012; x_wconf 85' lang='lat' dir='ltr'><strong>petri,</strong></span> <span class='ocrx_word' id='word_1_5' title='bbox 1006 938 1040 993; x_wconf 90' lang='lat' dir='ltr'><strong>ut</strong></span> <span class='ocrx_word' id='word_1_6' title='bbox 1059 929 1151 994; x_wconf 89' lang='lat' dir='ltr'><strong>lilium</strong></span> <span class='ocrx_word' id='word_1_7' title='bbox 1167 929 1297 1014; x_wconf 82' lang='lat' dir='ltr'><strong>expiaret</strong></span> <span class='ocrx_word' id='word_1_8' title='bbox 1310 932 1426 1015; x_wconf 77' lang='lat' dir='ltr'><strong>publius</strong></span> <span class='ocrx_word' id='word_1_9' title='bbox 1441 933 1576 1016; x_wconf 78' lang='lat' dir='ltr'><strong>pecunie.</strong></span> 
     </span>
     <span class='ocr_line' id='line_1_3' title="bbox 453 1025 1576 1116; baseline 0.007 -26"><span class='ocrx_word' id='word_1_10' title='bbox 453 1025 558 1107; x_wconf 77' lang='lat' dir='ltr'><strong>luntre,</strong></span> <span class='ocrx_word' id='word_1_11' title='bbox 574 1033 770 1114; x_wconf 67' lang='lat' dir='ltr'><strong>ponderibus</strong></span> <span class='ocrx_word' id='word_1_12' title='bbox 790 1031 968 1114; x_wconf 82' lang='lat' dir='ltr'><strong>quibusdum</strong></span> <span class='ocrx_word' id='word_1_13' title='bbox 988 1033 1141 1096; x_wconf 75' lang='lat' dir='ltr'><strong>urrideiis</strong></span> <span class='ocrx_word' id='word_1_14' title='bbox 1161 1033 1261 1110; x_wconf 79' lang='lat' dir='ltr'><strong>lectis,</strong></span> <span class='ocrx_word' id='word_1_15' title='bbox 1280 1055 1356 1116; x_wconf 81' lang='lat' dir='ltr'><strong>quse</strong></span> <span class='ocrx_word' id='word_1_16' title='bbox 1374 1036 1479 1098; x_wconf 89' lang='lat' dir='ltr'><strong>deinde</strong></span> <span class='ocrx_word' id='word_1_17' title='bbox 1498 1036 1576 1116; x_wconf 79' lang='lat' dir='ltr'><strong>qeuti</strong></span> 
     </span>
     <span class='ocr_line' id='line_1_4' title="bbox 453 1123 1578 1222; baseline 0.015 -38"><span class='ocrx_word' id='word_1_18' title='bbox 453 1123 557 1194; x_wconf 80' lang='lat' dir='ltr'><strong>lloutiu</strong></span> <span class='ocrx_word' id='word_1_19' title='bbox 569 1137 667 1200; x_wconf 74' lang='lat' dir='ltr'><strong>tradite</strong></span> <span class='ocrx_word' id='word_1_20' title='bbox 682 1137 752 1210; x_wconf 84' lang='lat' dir='ltr'><strong>sint,</strong></span> <span class='ocrx_word' id='word_1_21' title='bbox 767 1135 946 1198; x_wconf 82' lang='lat' dir='ltr'><strong>transmisso</strong></span> <span class='ocrx_word' id='word_1_22' title='bbox 962 1153 1016 1216; x_wconf 83' lang='lat' dir='ltr'><strong>per</strong></span> <span class='ocrx_word' id='word_1_23' title='bbox 1030 1135 1106 1198; x_wconf 75' lang='lat' dir='ltr'><strong>riam</strong></span> <span class='ocrx_word' id='word_1_24' title='bbox 1122 1135 1222 1216; x_wconf 82' lang='lat' dir='ltr'><strong>tigillo,</strong></span> <span class='ocrx_word' id='word_1_25' title='bbox 1235 1139 1331 1221; x_wconf 76' lang='lat' dir='ltr'><strong>eapite</strong></span> <span class='ocrx_word' id='word_1_26' title='bbox 1345 1139 1488 1222; x_wconf 72' lang='lat' dir='ltr'><strong>adoperto</strong></span> <span class='ocrx_word' id='word_1_27' title='bbox 1501 1139 1578 1201; x_wconf 86' lang='lat' dir='ltr'><strong>reiut</strong></span> 
     </span>
     <span class='ocr_line' id='line_1_5' title="bbox 456 1227 1579 1322; baseline 0.003 -23"><span class='ocrx_word' id='word_1_28' title='bbox 456 1227 503 1288; x_wconf 80' lang='lat' dir='ltr'><strong>⁸l¹h</strong></span> <span class='ocrx_word' id='word_1_29' title='bbox 515 1231 588 1313; x_wconf 73' lang='lat' dir='ltr'><strong>dmm</strong></span> <span class='ocrx_word' id='word_1_30' title='bbox 600 1239 726 1303; x_wconf 88' lang='lat' dir='ltr'><strong>missum</strong></span> <span class='ocrx_word' id='word_1_31' title='bbox 743 1239 887 1301; x_wconf 82' lang='lat' dir='ltr'><strong>iuvenem.</strong></span> <span class='ocrx_word' id='word_1_32' title='bbox 921 1237 1058 1319; x_wconf 77' lang='lat' dir='ltr'><strong>Tigillum</strong></span> <span class='ocrx_word' id='word_1_33' title='bbox 1074 1239 1143 1300; x_wconf 87' lang='lat' dir='ltr'><strong>illud</strong></span> <span class='ocrx_word' id='word_1_34' title='bbox 1159 1241 1309 1304; x_wconf 88' lang='lat' dir='ltr'><strong>sororium</strong></span> <span class='ocrx_word' id='word_1_35' title='bbox 1320 1250 1468 1312; x_wconf 84' lang='lat' dir='ltr'><strong>roretum,</strong></span> <span class='ocrx_word' id='word_1_36' title='bbox 1482 1251 1512 1302; x_wconf 90' lang='lat' dir='ltr'><strong>et</strong></span> <span class='ocrx_word' id='word_1_37' title='bbox 1527 1259 1579 1322; x_wconf 86' lang='lat' dir='ltr'><strong>per</strong></span> 
     </span>
     <span class='ocr_line' id='line_1_6' title="bbox 458 1330 1580 1424; baseline 0.014 -36"><span class='ocrx_word' id='word_1_38' title='bbox 458 1330 633 1404; x_wconf 74' lang='lat' dir='ltr'><strong>mussona</strong></span> <span class='ocrx_word' id='word_1_39' title='bbox 647 1342 764 1424; x_wconf 78' lang='lat' dir='ltr'><strong>publice</strong></span> <span class='ocrx_word' id='word_1_40' title='bbox 781 1359 899 1422; x_wconf 78' lang='lat' dir='ltr'><strong>semper</strong></span> <span class='ocrx_word' id='word_1_41' title='bbox 912 1343 1054 1403; x_wconf 86' lang='lat' dir='ltr'><strong>relectum</strong></span> <span class='ocrx_word' id='word_1_42' title='bbox 1071 1341 1218 1404; x_wconf 76' lang='lat' dir='ltr'><strong>mansisse</strong></span> <span class='ocrx_word' id='word_1_43' title='bbox 1228 1347 1238 1385; x_wconf 77' lang='lat'>¹</span> <span class='ocrx_word' id='word_1_44' title='bbox 1249 1346 1288 1421; x_wconf 67' lang='lat'><strong>⁶).</strong></span> <span class='ocrx_word' id='word_1_45' title='bbox 1310 1376 1353 1390; x_wconf 92' lang='lat'>-</span> <span class='ocrx_word' id='word_1_46' title='bbox 1369 1343 1520 1407; x_wconf 77' lang='lat' dir='ltr'><strong>definitum</strong></span> <span class='ocrx_word' id='word_1_47' title='bbox 1534 1354 1580 1406; x_wconf 82' lang='lat' dir='ltr'><strong>est</strong></span> 
     </span>
     <span class='ocr_line' id='line_1_7' title="bbox 459 1433 1580 1526; baseline 0.003 -21"><span class='ocrx_word' id='word_1_48' title='bbox 459 1433 552 1512; x_wconf 59' lang='lat' dir='ltr'><strong>“ferm</strong></span> <span class='ocrx_word' id='word_1_49' title='bbox 569 1454 632 1524; x_wconf 94' lang='lat' dir='ltr'><strong>quot</strong></span> <span class='ocrx_word' id='word_1_50' title='bbox 653 1455 683 1508; x_wconf 90' lang='lat' dir='ltr'><strong>et</strong></span> <span class='ocrx_word' id='word_1_51' title='bbox 703 1463 792 1526; x_wconf 81' lang='lat' dir='ltr'><strong>quem</strong></span> <span class='ocrx_word' id='word_1_52' title='bbox 812 1444 944 1508; x_wconf 79' lang='lat' dir='ltr'><strong>diuersae</strong></span> <span class='ocrx_word' id='word_1_53' title='bbox 963 1443 1149 1508; x_wconf 78' lang='lat' dir='ltr'><strong>coniecturae</strong></span> <span class='ocrx_word' id='word_1_54' title='bbox 1168 1445 1205 1508; x_wconf 84' lang='lat' dir='ltr'><strong>de</strong></span> <span class='ocrx_word' id='word_1_55' title='bbox 1223 1445 1282 1509; x_wconf 92' lang='lat' dir='ltr'><strong>isto</strong></span> <span class='ocrx_word' id='word_1_56' title='bbox 1301 1445 1414 1510; x_wconf 78' lang='lat' dir='ltr'><strong>Horatii</strong></span> <span class='ocrx_word' id='word_1_57' title='bbox 1435 1445 1542 1510; x_wconf 89' lang='lat' dir='ltr'><strong>iudieio</strong></span> <span class='ocrx_word' id='word_1_58' title='bbox 1563 1465 1580 1508; x_wconf 82' lang='lat' dir='ltr'><strong>e</strong></span> 
     </span>
     <span class='ocr_line' id='line_1_8' title="bbox 459 1531 1581 1632; baseline 0.013 -35"><span class='ocrx_word' id='word_1_59' title='bbox 459 1531 517 1599; x_wconf 78' lang='lat' dir='ltr'><strong>rius</strong></span> <span class='ocrx_word' id='word_1_60' title='bbox 527 1540 679 1612; x_wconf 75' lang='lat' dir='ltr'><strong>doctissimis</strong></span> <span class='ocrx_word' id='word_1_61' title='bbox 694 1549 825 1632; x_wconf 80' lang='lat' dir='ltr'><strong>prolntse</strong></span> <span class='ocrx_word' id='word_1_62' title='bbox 839 1549 898 1612; x_wconf 85' lang='lat' dir='ltr'><strong>sint</strong></span> <span class='ocrx_word' id='word_1_63' title='bbox 908 1553 918 1592; x_wconf 82' lang='lat'>²</span> <span class='ocrx_word' id='word_1_64' title='bbox 929 1551 972 1626; x_wconf 72' lang='lat' dir='ltr'><strong>ll,</strong></span> <span class='ocrx_word' id='word_1_65' title='bbox 998 1567 1091 1630; x_wconf 89' lang='lat' dir='ltr'><strong>quum</strong></span> <span class='ocrx_word' id='word_1_66' title='bbox 1106 1549 1249 1632; x_wconf 73' lang='lat' dir='ltr'><strong>plerique,</strong></span> <span class='ocrx_word' id='word_1_67' title='bbox 1264 1551 1349 1632; x_wconf 79' lang='lat' dir='ltr'><strong>quusi</strong></span> <span class='ocrx_word' id='word_1_68' title='bbox 1364 1549 1393 1612; x_wconf 92' lang='lat' dir='ltr'><strong>in</strong></span> <span class='ocrx_word' id='word_1_69' title='bbox 1409 1569 1441 1612; x_wconf 88' lang='lat' dir='ltr'><strong>re</strong></span> <span class='ocrx_word' id='word_1_70' title='bbox 1452 1551 1524 1613; x_wconf 80' lang='lat' dir='ltr'><strong>sutis</strong></span> <span class='ocrx_word' id='word_1_71' title='bbox 1536 1557 1581 1612; x_wconf 91' lang='lat' dir='ltr'><strong>te·</strong></span> 
     </span>
     <span class='ocr_line' id='line_1_9' title="bbox 460 1644 1582 1737; baseline 0.013 -38"><span class='ocrx_word' id='word_1_72' title='bbox 460 1644 631 1736; x_wconf 72' lang='lat' dir='ltr'><strong>rutamque</strong></span> <span class='ocrx_word' id='word_1_73' title='bbox 644 1664 738 1734; x_wconf 79' lang='lat' dir='ltr'><strong>qesta,</strong></span> <span class='ocrx_word' id='word_1_74' title='bbox 754 1653 845 1716; x_wconf 90' lang='lat' dir='ltr'><strong>modo</strong></span> <span class='ocrx_word' id='word_1_75' title='bbox 860 1662 1043 1737; x_wconf 72' lang='lat' dir='ltr'><strong>quaererent,</strong></span> <span class='ocrx_word' id='word_1_76' title='bbox 1058 1672 1119 1735; x_wconf 88' lang='lat' dir='ltr'><strong>quo</strong></span> <span class='ocrx_word' id='word_1_77' title='bbox 1134 1652 1198 1717; x_wconf 88' lang='lat' dir='ltr'><strong>iure</strong></span> <span class='ocrx_word' id='word_1_78' title='bbox 1213 1663 1335 1736; x_wconf 85' lang='lat' dir='ltr'><strong>proptor</strong></span> <span class='ocrx_word' id='word_1_79' title='bbox 1346 1652 1537 1736; x_wconf 76' lang='lat' dir='ltr'><strong>parricidium</strong></span> <span class='ocrx_word' id='word_1_80' title='bbox 1552 1653 1582 1714; x_wconf 91' lang='lat' dir='ltr'><strong>in</strong></span> 
     </span>
     <span class='ocr_line' id='line_1_10' title="bbox 463 1754 1583 1841; baseline 0.015 -40"><span class='ocrx_word' id='word_1_81' title='bbox 463 1758 544 1812; x_wconf 88' lang='lat' dir='ltr'><strong>sorore</strong></span> <span class='ocrx_word' id='word_1_82' title='bbox 559 1759 738 1822; x_wconf 79' lang='lat' dir='ltr'><strong>commissum</strong></span> <span class='ocrx_word' id='word_1_83' title='bbox 760 1758 968 1841; x_wconf 81' lang='lat' dir='ltr'><strong>qurrlmlliouis</strong></span> <span class='ocrx_word' id='word_1_84' title='bbox 986 1777 1056 1822; x_wconf 79' lang='lat' dir='ltr'><strong>reuss</strong></span> <span class='ocrx_word' id='word_1_85' title='bbox 1076 1757 1138 1821; x_wconf 85' lang='lat' dir='ltr'><strong>deri</strong></span> <span class='ocrx_word' id='word_1_86' title='bbox 1160 1759 1302 1840; x_wconf 86' lang='lat' dir='ltr'><strong>potuerit,</strong></span> <span class='ocrx_word' id='word_1_87' title='bbox 1325 1758 1416 1820; x_wconf 77' lang='lat' dir='ltr'><strong>rromlo</strong></span> <span class='ocrx_word' id='word_1_88' title='bbox 1435 1754 1583 1820; x_wconf 77' lang='lat' dir='ltr'><strong>duumuiri</strong></span> 
     </span>
     <span class='ocr_line' id='line_1_11' title="bbox 462 1839 1583 1936; baseline 0.017 -33"><span class='ocrx_word' id='word_1_89' title='bbox 462 1839 495 1905; x_wconf 89' lang='lat' dir='ltr'><strong>illi</strong></span> <span class='ocrx_word' id='word_1_90' title='bbox 510 1849 624 1926; x_wconf 73' lang='lat' dir='ltr'><strong>fuerintne</strong></span> <span class='ocrx_word' id='word_1_91' title='bbox 640 1870 724 1926; x_wconf 82' lang='lat' dir='ltr'><strong>extre</strong></span> <span class='ocrx_word' id='word_1_92' title='bbox 744 1861 878 1926; x_wconf 77' lang='lat' dir='ltr'><strong>ordinem</strong></span> <span class='ocrx_word' id='word_1_93' title='bbox 899 1863 989 1926; x_wconf 76' lang='lat' dir='ltr'><strong>helius</strong></span> <span class='ocrx_word' id='word_1_94' title='bbox 1004 1863 1094 1926; x_wconf 87' lang='lat' dir='ltr'><strong>unius</strong></span> <span class='ocrx_word' id='word_1_95' title='bbox 1109 1861 1207 1926; x_wconf 86' lang='lat' dir='ltr'><strong>iudicii</strong></span> <span class='ocrx_word' id='word_1_96' title='bbox 1222 1881 1312 1926; x_wconf 82' lang='lat' dir='ltr'><strong>reum</strong></span> <span class='ocrx_word' id='word_1_97' title='bbox 1327 1862 1433 1936; x_wconf 80' lang='lat' dir='ltr'><strong>menti,</strong></span> <span class='ocrx_word' id='word_1_98' title='bbox 1447 1879 1486 1924; x_wconf 80' lang='lat' dir='ltr'><strong>en</strong></span> <span class='ocrx_word' id='word_1_99' title='bbox 1501 1859 1583 1922; x_wconf 90' lang='lat' dir='ltr'><strong>ordi·</strong></span> 
     </span>
     <span class='ocr_line' id='line_1_12' title="bbox 410 1949 1584 2049; baseline -0.003 -20"><span class='ocrx_word' id='word_1_100' title='bbox 410 1955 442 2009; x_wconf 80' lang='lat'><strong>¹⁸</strong></span> <span class='ocrx_word' id='word_1_101' title='bbox 463 1949 533 2029; x_wconf 60' lang='lat'><strong>”³552</strong></span> <span class='ocrx_word' id='word_1_102' title='bbox 546 1977 587 2028; x_wconf 78' lang='lat' dir='ltr'><strong>dee</strong></span> <span class='ocrx_word' id='word_1_103' title='bbox 603 1966 709 2030; x_wconf 82' lang='lat' dir='ltr'><strong>diuersi</strong></span> <span class='ocrx_word' id='word_1_104' title='bbox 728 1987 745 2028; x_wconf 82' lang='lat' dir='ltr'>a</span> <span class='ocrx_word' id='word_1_105' title='bbox 764 1967 986 2048; x_wconf 75' lang='lat' dir='ltr'><strong>quaestoribus,</strong></span> <span class='ocrx_word' id='word_1_106' title='bbox 1005 1967 1055 2049; x_wconf 92' lang='lat' dir='ltr'><strong>qui</strong></span> <span class='ocrx_word' id='word_1_107' title='bbox 1070 1986 1170 2029; x_wconf 90' lang='lat' dir='ltr'><strong>rerum</strong></span> <span class='ocrx_word' id='word_1_108' title='bbox 1186 1965 1355 2047; x_wconf 70' lang='lat' dir='ltr'><strong>capitalium</strong></span> <span class='ocrx_word' id='word_1_109' title='bbox 1370 1973 1422 2028; x_wconf 88' lang='lat' dir='ltr'><strong>uut</strong></span> <span class='ocrx_word' id='word_1_110' title='bbox 1436 1963 1584 2046; x_wconf 75' lang='lat' dir='ltr'><strong>qoemieidil</strong></span> 
     </span>
     <span class='ocr_line' id='line_1_13' title="bbox 462 2065 1585 2160; baseline 0.004 -34"><span class='ocrx_word' id='word_1_111' title='bbox 462 2065 595 2160; x_wconf 65' lang='lat' dir='ltr'><strong>(illelmus</strong></span> <span class='ocrx_word' id='word_1_112' title='bbox 608 2089 623 2132; x_wconf 81' lang='lat' dir='ltr'>a</span> <span class='ocrx_word' id='word_1_113' title='bbox 634 2069 781 2133; x_wconf 76' lang='lat' dir='ltr'><strong>ueteribus</strong></span> <span class='ocrx_word' id='word_1_114' title='bbox 792 2071 969 2153; x_wconf 81' lang='lat' dir='ltr'><strong>quibdsdsm</strong></span> <span class='ocrx_word' id='word_1_115' title='bbox 983 2074 1197 2146; x_wconf 66' lang='lat' dir='ltr'><strong>rorantur⁸⁰l</strong></span> <span class='ocrx_word' id='word_1_116' title='bbox 1228 2069 1344 2131; x_wconf 84' lang='lat' dir='ltr'><strong>Seiliret</strong></span> <span class='ocrx_word' id='word_1_117' title='bbox 1354 2068 1427 2150; x_wconf 86' lang='lat' dir='ltr'><strong>ipsis</strong></span> <span class='ocrx_word' id='word_1_118' title='bbox 1439 2068 1585 2130; x_wconf 77' lang='lat' dir='ltr'><strong>ueteribus</strong></span> 
     </span>
     <span class='ocr_line' id='line_1_14' title="bbox 463 2150 1585 2254; baseline 0.004 -26"><span class='ocrx_word' id='word_1_119' title='bbox 463 2150 520 2219; x_wconf 63' lang='lat' dir='ltr'>”¹¹¹ss</span> <span class='ocrx_word' id='word_1_120' title='bbox 534 2161 576 2232; x_wconf 78' lang='lat' dir='ltr'><strong>dee</strong></span> <span class='ocrx_word' id='word_1_121' title='bbox 591 2173 623 2236; x_wconf 92' lang='lat' dir='ltr'><strong>de</strong></span> <span class='ocrx_word' id='word_1_122' title='bbox 643 2193 676 2236; x_wconf 89' lang='lat' dir='ltr'><strong>re</strong></span> <span class='ocrx_word' id='word_1_123' title='bbox 695 2174 864 2248; x_wconf 85' lang='lat' dir='ltr'><strong>eonstnbnt,</strong></span> <span class='ocrx_word' id='word_1_124' title='bbox 884 2173 936 2236; x_wconf 87' lang='lat' dir='ltr'><strong>sed</strong></span> <span class='ocrx_word' id='word_1_125' title='bbox 958 2173 1040 2236; x_wconf 80' lang='lat' dir='ltr'><strong>aliter</strong></span> <span class='ocrx_word' id='word_1_126' title='bbox 1059 2172 1106 2236; x_wconf 86' lang='lat' dir='ltr'><strong>elii</strong></span> <span class='ocrx_word' id='word_1_127' title='bbox 1127 2171 1333 2254; x_wconf 79' lang='lat' dir='ltr'><strong>opinabuntur.</strong></span> <span class='ocrx_word' id='word_1_128' title='bbox 1369 2171 1444 2234; x_wconf 79' lang='lat' dir='ltr'><strong>Nem</strong></span> <span class='ocrx_word' id='word_1_129' title='bbox 1465 2171 1496 2234; x_wconf 92' lang='lat' dir='ltr'><strong>in</strong></span> <span class='ocrx_word' id='word_1_130' title='bbox 1513 2171 1585 2235; x_wconf 83' lang='lat' dir='ltr'><strong>Livii</strong></span> 
     </span>
     <span class='ocr_line' id='line_1_15' title="bbox 466 2265 1585 2359; baseline 0.003 -25"><span class='ocrx_word' id='word_1_131' title='bbox 466 2265 594 2338; x_wconf 63' lang='lat' dir='ltr'><strong>nastitione</strong></span> <span class='ocrx_word' id='word_1_132' title='bbox 614 2278 700 2359; x_wconf 81' lang='lat' dir='ltr'><strong>plene</strong></span> <span class='ocrx_word' id='word_1_133' title='bbox 724 2275 851 2340; x_wconf 78' lang='lat' dir='ltr'><strong>dubium</strong></span> <span class='ocrx_word' id='word_1_134' title='bbox 875 2296 936 2340; x_wconf 92' lang='lat' dir='ltr'><strong>non</strong></span> <span class='ocrx_word' id='word_1_135' title='bbox 957 2285 1068 2358; x_wconf 89' lang='lat' dir='ltr'><strong>potest,</strong></span> <span class='ocrx_word' id='word_1_136' title='bbox 1092 2275 1164 2358; x_wconf 91' lang='lat' dir='ltr'><strong>quin</strong></span> <span class='ocrx_word' id='word_1_137' title='bbox 1184 2283 1265 2336; x_wconf 80' lang='lat' dir='ltr'><strong>extre</strong></span> <span class='ocrx_word' id='word_1_138' title='bbox 1285 2274 1420 2338; x_wconf 85' lang='lat' dir='ltr'><strong>ordinem</strong></span> <span class='ocrx_word' id='word_1_139' title='bbox 1439 2275 1585 2339; x_wconf 77' lang='lat' dir='ltr'><strong>duumviri</strong></span> 
     </span>
     <span class='ocr_line' id='line_1_16' title="bbox 468 2365 1587 2465; baseline 0.015 -42"><span class='ocrx_word' id='word_1_140' title='bbox 468 2365 532 2465; x_wconf 61' lang='lat' dir='ltr'><strong>pesti</strong></span> <span class='ocrx_word' id='word_1_141' title='bbox 544 2375 605 2442; x_wconf 90' lang='lat' dir='ltr'><strong>sint:</strong></span> <span class='ocrx_word' id='word_1_142' title='bbox 623 2379 686 2453; x_wconf 80' lang='lat' dir='ltr'><strong>stit,</strong></span> <span class='ocrx_word' id='word_1_143' title='bbox 705 2399 797 2460; x_wconf 67' lang='lat' dir='ltr'><strong>mum</strong></span> <span class='ocrx_word' id='word_1_144' title='bbox 813 2388 985 2462; x_wconf 74' lang='lat' dir='ltr'><strong>quaestores</strong></span> <span class='ocrx_word' id='word_1_145' title='bbox 1007 2379 1044 2442; x_wconf 80' lang='lat' dir='ltr'><strong>ab</strong></span> <span class='ocrx_word' id='word_1_146' title='bbox 1058 2378 1183 2443; x_wconf 88' lang='lat' dir='ltr'><strong>llostilio</strong></span> <span class='ocrx_word' id='word_1_147' title='bbox 1200 2377 1351 2441; x_wconf 88' lang='lat' dir='ltr'><strong>institutos</strong></span> <span class='ocrx_word' id='word_1_148' title='bbox 1362 2379 1501 2451; x_wconf 84' lang='lat' dir='ltr'><strong>dicerent,</strong></span> <span class='ocrx_word' id='word_1_149' title='bbox 1520 2379 1587 2442; x_wconf 86' lang='lat' dir='ltr'><strong>illos</strong></span> 
     </span>
     <span class='ocr_line' id='line_1_17' title="bbox 468 2472 1587 2564; baseline 0.006 -27"><span class='ocrx_word' id='word_1_150' title='bbox 468 2472 528 2538; x_wconf 67' lang='lat' dir='ltr'><strong>&#39;litt</strong></span> <span class='ocrx_word' id='word_1_151' title='bbox 539 2475 697 2545; x_wconf 81' lang='lat' dir='ltr'><strong>duumuiros</strong></span> <span class='ocrx_word' id='word_1_152' title='bbox 712 2501 768 2564; x_wconf 84' lang='lat' dir='ltr'><strong>pro</strong></span> <span class='ocrx_word' id='word_1_153' title='bbox 783 2483 991 2564; x_wconf 79' lang='lat' dir='ltr'><strong>quaestoribus</strong></span> <span class='ocrx_word' id='word_1_154' title='bbox 1006 2482 1146 2545; x_wconf 76' lang='lat' dir='ltr'><strong>helsuisse</strong></span> <span class='ocrx_word' id='word_1_155' title='bbox 1161 2481 1304 2544; x_wconf 83' lang='lat' dir='ltr'><strong>videntur.</strong></span> <span class='ocrx_word' id='word_1_156' title='bbox 1346 2482 1408 2544; x_wconf 89' lang='lat' dir='ltr'><strong>Utri</strong></span> <span class='ocrx_word' id='word_1_157' title='bbox 1424 2483 1537 2556; x_wconf 81' lang='lat' dir='ltr'><strong>serius,</strong></span> <span class='ocrx_word' id='word_1_158' title='bbox 1557 2481 1587 2544; x_wconf 93' lang='lat' dir='ltr'><strong>in</strong></span> 
     </span>
     <span class='ocr_line' id='line_1_18' title="bbox 466 2556 1589 2668; baseline 0.004 -24"><span class='ocrx_word' id='word_1_159' title='bbox 466 2556 596 2650; x_wconf 79' lang='lat' dir='ltr'><strong>huidttnudi</strong></span> <span class='ocrx_word' id='word_1_160' title='bbox 611 2607 643 2650; x_wconf 88' lang='lat' dir='ltr'><strong>re</strong></span> <span class='ocrx_word' id='word_1_161' title='bbox 657 2603 696 2649; x_wconf 87' lang='lat' dir='ltr'><strong>ne</strong></span> <span class='ocrx_word' id='word_1_162' title='bbox 711 2586 910 2667; x_wconf 76' lang='lat' dir='ltr'><strong>quaerendum</strong></span> <span class='ocrx_word' id='word_1_163' title='bbox 923 2586 1042 2668; x_wconf 89' lang='lat' dir='ltr'><strong>quidem</strong></span> <span class='ocrx_word' id='word_1_164' title='bbox 1053 2585 1202 2648; x_wconf 69' lang='lat' dir='ltr'><strong>orldtrur&#39;t</strong></span> <span class='ocrx_word' id='word_1_165' title='bbox 1215 2587 1251 2662; x_wconf 77' lang='lat'><strong>¹),</strong></span> <span class='ocrx_word' id='word_1_166' title='bbox 1266 2603 1445 2667; x_wconf 79' lang='lat' dir='ltr'><strong>quemquam</strong></span> <span class='ocrx_word' id='word_1_167' title='bbox 1460 2585 1589 2667; x_wconf 86' lang='lat' dir='ltr'><strong>posteris</strong></span> 
     </span>
     <span class='ocr_line' id='line_1_19' title="bbox 466 2670 1588 2774; baseline 0 -25"><span class='ocrx_word' id='word_1_168' title='bbox 466 2670 550 2748; x_wconf 76' lang='lat' dir='ltr'><strong>didon</strong></span> <span class='ocrx_word' id='word_1_169' title='bbox 566 2689 750 2774; x_wconf 83' lang='lat' dir='ltr'><strong>temporibus</strong></span> <span class='ocrx_word' id='word_1_170' title='bbox 770 2689 903 2752; x_wconf 82' lang='lat' dir='ltr'><strong>‹lirersos</strong></span> <span class='ocrx_word' id='word_1_171' title='bbox 925 2707 1042 2771; x_wconf 83' lang='lat' dir='ltr'><strong>semper</strong></span> <span class='ocrx_word' id='word_1_172' title='bbox 1062 2707 1078 2751; x_wconf 86' lang='lat' dir='ltr'><strong>e</strong></span> <span class='ocrx_word' id='word_1_173' title='bbox 1093 2687 1302 2770; x_wconf 79' lang='lat' dir='ltr'><strong>quaestoribus</strong></span> <span class='ocrx_word' id='word_1_174' title='bbox 1319 2688 1507 2760; x_wconf 76' lang='lat' dir='ltr'><strong>duumviros,</strong></span> <span class='ocrx_word' id='word_1_175' title='bbox 1522 2689 1588 2752; x_wconf 90' lang='lat' dir='ltr'><strong>illos</strong></span> 
     </span>
     <span class='ocr_line' id='line_1_20' title="bbox 464 2789 1589 2866; baseline 0.001 -14"><span class='ocrx_word' id='word_1_176' title='bbox 464 2789 554 2866; x_wconf 73' lang='lat' dir='ltr'><strong>llittus,</strong></span> <span class='ocrx_word' id='word_1_177' title='bbox 563 2795 618 2858; x_wconf 86' lang='lat' dir='ltr'><strong>hos</strong></span> <span class='ocrx_word' id='word_1_178' title='bbox 629 2793 879 2858; x_wconf 77' lang='lat' dir='ltr'><strong>extraordinarios</strong></span> <span class='ocrx_word' id='word_1_179' title='bbox 892 2802 920 2856; x_wconf 87' lang='lat' dir='ltr'><strong>rt</strong></span> <span class='ocrx_word' id='word_1_180' title='bbox 932 2793 1022 2856; x_wconf 90' lang='lat' dir='ltr'><strong>unius</strong></span> <span class='ocrx_word' id='word_1_181' title='bbox 1034 2801 1147 2855; x_wconf 78' lang='lat' dir='ltr'><strong>tentum</strong></span> <span class='ocrx_word' id='word_1_182' title='bbox 1160 2791 1259 2855; x_wconf 84' lang='lat' dir='ltr'><strong>iudicii</strong></span> <span class='ocrx_word' id='word_1_183' title='bbox 1270 2810 1360 2855; x_wconf 80' lang='lat' dir='ltr'><strong>reuss</strong></span> <span class='ocrx_word' id='word_1_184' title='bbox 1371 2802 1486 2855; x_wconf 84' lang='lat' dir='ltr'><strong>rreetos</strong></span> <span class='ocrx_word' id='word_1_185' title='bbox 1497 2791 1589 2856; x_wconf 81' lang='lat' dir='ltr'><strong>titisse</strong></span> 
     </span>
     <span class='ocr_line' id='line_1_21' title="bbox 462 2874 1588 2980; baseline 0.005 -28"><span class='ocrx_word' id='word_1_186' title='bbox 462 2874 483 2943; x_wconf 72' lang='lat' dir='ltr'><strong>dl</strong></span> <span class='ocrx_word' id='word_1_187' title='bbox 496 2897 613 2961; x_wconf 88' lang='lat' dir='ltr'><strong>mulesso</strong></span> <span class='ocrx_word' id='word_1_188' title='bbox 633 2907 688 2961; x_wconf 81' lang='lat' dir='ltr'><strong>est</strong></span> <span class='ocrx_word' id='word_1_189' title='bbox 718 2897 758 2959; x_wconf 88' lang='lat' dir='ltr'><strong>dle</strong></span> <span class='ocrx_word' id='word_1_190' title='bbox 777 2898 976 2980; x_wconf 85' lang='lat' dir='ltr'><strong>perduellione</strong></span> <span class='ocrx_word' id='word_1_191' title='bbox 996 2905 1094 2959; x_wconf 81' lang='lat' dir='ltr'><strong>eutem</strong></span> <span class='ocrx_word' id='word_1_192' title='bbox 1113 2895 1157 2958; x_wconf 87' lang='lat' dir='ltr'><strong>sie</strong></span> <span class='ocrx_word' id='word_1_193' title='bbox 1173 2904 1286 2958; x_wconf 77' lang='lat' dir='ltr'><strong>statuo:</strong></span> <span class='ocrx_word' id='word_1_194' title='bbox 1307 2894 1476 2969; x_wconf 85' lang='lat' dir='ltr'><strong>llorutium,</strong></span> <span class='ocrx_word' id='word_1_195' title='bbox 1496 2915 1588 2978; x_wconf 91' lang='lat' dir='ltr'><strong>quum</strong></span> 
     </span>
     <span class='ocr_line' id='line_1_22' title="bbox 459 2996 1590 3081; baseline 0.002 -22"><span class='ocrx_word' id='word_1_196' title='bbox 459 2996 604 3076; x_wconf 79' lang='lat' dir='ltr'><strong>ttpplieium</strong></span> <span class='ocrx_word' id='word_1_197' title='bbox 629 3003 665 3064; x_wconf 90' lang='lat' dir='ltr'><strong>de</strong></span> <span class='ocrx_word' id='word_1_198' title='bbox 690 3021 795 3064; x_wconf 85' lang='lat' dir='ltr'><strong>sorore</strong></span> <span class='ocrx_word' id='word_1_199' title='bbox 814 3000 981 3064; x_wconf 79' lang='lat' dir='ltr'><strong>indemnata</strong></span> <span class='ocrx_word' id='word_1_200' title='bbox 1006 2999 1071 3081; x_wconf 89' lang='lat' dir='ltr'><strong>ipse</strong></span> <span class='ocrx_word' id='word_1_201' title='bbox 1095 3019 1149 3062; x_wconf 80' lang='lat' dir='ltr'><strong>sua</strong></span> <span class='ocrx_word' id='word_1_202' title='bbox 1173 3017 1265 3063; x_wconf 78' lang='lat' dir='ltr'><strong>manu</strong></span> <span class='ocrx_word' id='word_1_203' title='bbox 1286 2998 1478 3080; x_wconf 78' lang='lat' dir='ltr'><strong>sumpsisset,</strong></span> <span class='ocrx_word' id='word_1_204' title='bbox 1497 3017 1590 3081; x_wconf 85' lang='lat' dir='ltr'><strong>esque</strong></span> 
     </span>
     <span class='ocr_line' id='line_1_23' title="bbox 458 3099 1590 3188; baseline 0.001 -24"><span class='ocrx_word' id='word_1_205' title='bbox 458 3099 522 3164; x_wconf 76' lang='lat' dir='ltr'><strong>ttede</strong></span> <span class='ocrx_word' id='word_1_206' title='bbox 533 3115 559 3168; x_wconf 89' lang='lat' dir='ltr'><strong>et</strong></span> <span class='ocrx_word' id='word_1_207' title='bbox 574 3103 620 3168; x_wconf 86' lang='lat' dir='ltr'><strong>ius</strong></span> <span class='ocrx_word' id='word_1_208' title='bbox 636 3103 713 3184; x_wconf 77' lang='lat' dir='ltr'><strong>regis</strong></span> <span class='ocrx_word' id='word_1_209' title='bbox 729 3123 763 3168; x_wconf 88' lang='lat' dir='ltr'><strong>ue</strong></span> <span class='ocrx_word' id='word_1_210' title='bbox 778 3105 877 3188; x_wconf 90' lang='lat' dir='ltr'><strong>populi</strong></span> <span class='ocrx_word' id='word_1_211' title='bbox 895 3103 1107 3176; x_wconf 80' lang='lat' dir='ltr'><strong>irurnrinuisset,</strong></span> <span class='ocrx_word' id='word_1_212' title='bbox 1127 3113 1156 3166; x_wconf 87' lang='lat' dir='ltr'><strong>et</strong></span> <span class='ocrx_word' id='word_1_213' title='bbox 1175 3102 1322 3187; x_wconf 77' lang='lat' dir='ltr'><strong>piaculum</strong></span> <span class='ocrx_word' id='word_1_214' title='bbox 1342 3121 1404 3165; x_wconf 90' lang='lat' dir='ltr'><strong>non</strong></span> <span class='ocrx_word' id='word_1_215' title='bbox 1420 3102 1517 3164; x_wconf 77' lang='lat' dir='ltr'><strong>sollum</strong></span> <span class='ocrx_word' id='word_1_216' title='bbox 1533 3101 1590 3165; x_wconf 84' lang='lat' dir='ltr'><strong>sibi</strong></span> 
     </span>
     <span class='ocr_line' id='line_1_24' title="bbox 454 3203 1590 3290; baseline 0.004 -24"><span class='ocrx_word' id='word_1_217' title='bbox 454 3203 492 3266; x_wconf 78' lang='lat' dir='ltr'><strong>ted</strong></span> <span class='ocrx_word' id='word_1_218' title='bbox 504 3207 649 3272; x_wconf 79' lang='lat' dir='ltr'><strong>uniuersos</strong></span> <span class='ocrx_word' id='word_1_219' title='bbox 660 3207 766 3272; x_wconf 77' lang='lat' dir='ltr'><strong>ciritae</strong></span> <span class='ocrx_word' id='word_1_220' title='bbox 781 3207 987 3278; x_wconf 76' lang='lat' dir='ltr'><strong>contraxisset,</strong></span> <span class='ocrx_word' id='word_1_221' title='bbox 1002 3207 1098 3270; x_wconf 79' lang='lat' dir='ltr'><strong>risum</strong></span> <span class='ocrx_word' id='word_1_222' title='bbox 1110 3227 1177 3269; x_wconf 87' lang='lat' dir='ltr'><strong>esse</strong></span> <span class='ocrx_word' id='word_1_223' title='bbox 1193 3209 1334 3271; x_wconf 80' lang='lat' dir='ltr'><strong>adversus</strong></span> <span class='ocrx_word' id='word_1_224' title='bbox 1347 3207 1442 3288; x_wconf 79' lang='lat' dir='ltr'><strong>ipsum</strong></span> <span class='ocrx_word' id='word_1_225' title='bbox 1458 3225 1520 3270; x_wconf 88' lang='lat' dir='ltr'><strong>rem</strong></span> <span class='ocrx_word' id='word_1_226' title='bbox 1532 3224 1590 3290; x_wconf 88' lang='lat' dir='ltr'><strong>pu·</strong></span> 
     </span>
     <span class='ocr_line' id='line_1_25' title="bbox 451 3301 1590 3394; baseline 0.007 -28"><span class='ocrx_word' id='word_1_227' title='bbox 451 3301 532 3374; x_wconf 80' lang='lat' dir='ltr'><strong>ilicem</strong></span> <span class='ocrx_word' id='word_1_228' title='bbox 546 3314 622 3376; x_wconf 79' lang='lat' dir='ltr'><strong>edre</strong></span> <span class='ocrx_word' id='word_1_229' title='bbox 638 3311 809 3392; x_wconf 82' lang='lat' dir='ltr'><strong>deliquisse,</strong></span> <span class='ocrx_word' id='word_1_230' title='bbox 831 3321 863 3376; x_wconf 91' lang='lat' dir='ltr'><strong>ut</strong></span> <span class='ocrx_word' id='word_1_231' title='bbox 884 3310 1104 3394; x_wconf 79' lang='lat' dir='ltr'><strong>perduellionis,</strong></span> <span class='ocrx_word' id='word_1_232' title='bbox 1119 3329 1181 3374; x_wconf 92' lang='lat' dir='ltr'><strong>non</strong></span> <span class='ocrx_word' id='word_1_233' title='bbox 1198 3313 1290 3375; x_wconf 88' lang='lat' dir='ltr'><strong>modo</strong></span> <span class='ocrx_word' id='word_1_234' title='bbox 1305 3309 1454 3394; x_wconf 82' lang='lat' dir='ltr'><strong>penicidii</strong></span> <span class='ocrx_word' id='word_1_235' title='bbox 1470 3311 1532 3393; x_wconf 76' lang='lat' dir='ltr'><strong>lege</strong></span> <span class='ocrx_word' id='word_1_236' title='bbox 1547 3319 1590 3374; x_wconf 92' lang='lat' dir='ltr'><strong>te·</strong></span> 
     </span>
     <span class='ocr_line' id='line_1_26' title="bbox 447 3414 1593 3498; baseline 0.005 -25"><span class='ocrx_word' id='word_1_237' title='bbox 447 3423 554 3479; x_wconf 83' lang='lat' dir='ltr'><strong>deretur.</strong></span> <span class='ocrx_word' id='word_1_238' title='bbox 593 3415 718 3480; x_wconf 80' lang='lat' dir='ltr'><strong>Extsbet</strong></span> <span class='ocrx_word' id='word_1_239' title='bbox 742 3424 839 3480; x_wconf 86' lang='lat' dir='ltr'><strong>eutem</strong></span> <span class='ocrx_word' id='word_1_240' title='bbox 859 3417 938 3480; x_wconf 82' lang='lat' dir='ltr'><strong>houd</strong></span> <span class='ocrx_word' id='word_1_241' title='bbox 961 3414 1050 3479; x_wconf 81' lang='lat' dir='ltr'><strong>dubie</strong></span> <span class='ocrx_word' id='word_1_242' title='bbox 1069 3416 1113 3479; x_wconf 84' lang='lat' dir='ltr'><strong>lex</strong></span> <span class='ocrx_word' id='word_1_243' title='bbox 1133 3415 1306 3498; x_wconf 78' lang='lat' dir='ltr'><strong>permtique</strong></span> <span class='ocrx_word' id='word_1_244' title='bbox 1326 3415 1363 3477; x_wconf 92' lang='lat' dir='ltr'><strong>de</strong></span> <span class='ocrx_word' id='word_1_245' title='bbox 1384 3414 1593 3496; x_wconf 86' lang='lat' dir='ltr'><strong>perduellione,</strong></span> 
     </span>
    </p>
   </div>
   <div class='ocr_carea' id='block_1_3' title="bbox 443 3642 1596 4809">
    <p class='ocr_par' dir='ltr' id='par_1_3' title="bbox 443 3642 1593 3886">
     <span class='ocr_line' id='line_1_27' title="bbox 498 3642 1593 3712; baseline 0.001 -16"><span class='ocrx_word' id='word_1_246' title='bbox 498 3643 536 3708; x_wconf 80' lang='grc'><strong>18)</strong></span> <span class='ocrx_word' id='word_1_247' title='bbox 554 3644 611 3698; x_wconf 81' lang='lat' dir='ltr'><strong>Nou</strong></span> <span class='ocrx_word' id='word_1_248' title='bbox 624 3643 697 3696; x_wconf 82' lang='lat' dir='ltr'><strong>modo</strong></span> <span class='ocrx_word' id='word_1_249' title='bbox 709 3642 798 3697; x_wconf 84' lang='lat' dir='ltr'><strong>Livius</strong></span> <span class='ocrx_word' id='word_1_250' title='bbox 811 3644 827 3696; x_wconf 91' lang='lat' dir='ltr'><strong>l.</strong></span> <span class='ocrx_word' id='word_1_251' title='bbox 841 3645 859 3696; x_wconf 92' lang='lat' dir='ltr'><strong>l.</strong></span> <span class='ocrx_word' id='word_1_252' title='bbox 871 3643 897 3712; x_wconf 63' lang='lat' dir='ltr'><strong>l.</strong></span> <span class='ocrx_word' id='word_1_253' title='bbox 912 3644 956 3708; x_wconf 79' lang='lat' dir='ltr'><strong>tn,</strong></span> <span class='ocrx_word' id='word_1_254' title='bbox 973 3646 1018 3697; x_wconf 85' lang='lat' dir='ltr'><strong>sed</strong></span> <span class='ocrx_word' id='word_1_255' title='bbox 1032 3644 1107 3697; x_wconf 77' lang='lat' dir='ltr'><strong>etism</strong></span> <span class='ocrx_word' id='word_1_256' title='bbox 1118 3645 1207 3697; x_wconf 72' lang='lat' dir='ltr'><strong>derel.</strong></span> <span class='ocrx_word' id='word_1_257' title='bbox 1219 3643 1310 3697; x_wconf 80' lang='lat' dir='ltr'><strong>Victor</strong></span> <span class='ocrx_word' id='word_1_258' title='bbox 1320 3643 1352 3694; x_wconf 90' lang='lat' dir='ltr'><strong>de</strong></span> <span class='ocrx_word' id='word_1_259' title='bbox 1363 3643 1411 3695; x_wconf 82' lang='lat' dir='ltr'><strong>vir.</strong></span> <span class='ocrx_word' id='word_1_260' title='bbox 1424 3643 1517 3696; x_wconf 85' lang='lat' dir='ltr'><strong>illustr.</strong></span> <span class='ocrx_word' id='word_1_261' title='bbox 1530 3643 1560 3708; x_wconf 83' lang='grc'><strong>1,</strong></span> <span class='ocrx_word' id='word_1_262' title='bbox 1576 3645 1593 3697; x_wconf 73' lang='lat' dir='ltr'><strong>d</strong></span> 
     </span>
     <span class='ocr_line' id='line_1_28' title="bbox 444 3729 1592 3800; baseline 0.002 -19"><span class='ocrx_word' id='word_1_263' title='bbox 444 3735 561 3782; x_wconf 74' lang='lat' dir='ltr'><strong>desetor</strong></span> <span class='ocrx_word' id='word_1_264' title='bbox 572 3730 697 3800; x_wconf 68' lang='lat' dir='ltr'><strong>Curioni</strong></span> <span class='ocrx_word' id='word_1_265' title='bbox 715 3731 801 3783; x_wconf 77' lang='lat' dir='ltr'><strong>urbis</strong></span> <span class='ocrx_word' id='word_1_266' title='bbox 819 3730 932 3784; x_wconf 78' lang='lat' dir='ltr'><strong>ileum</strong></span> <span class='ocrx_word' id='word_1_267' title='bbox 949 3731 1111 3797; x_wconf 68' lang='lat' dir='ltr'><strong>reqionum</strong></span> <span class='ocrx_word' id='word_1_268' title='bbox 1124 3733 1178 3799; x_wconf 81' lang='lat' dir='ltr'><strong>(up.</strong></span> <span class='ocrx_word' id='word_1_269' title='bbox 1192 3730 1295 3783; x_wconf 80' lang='lat' dir='ltr'><strong>Becker.</strong></span> <span class='ocrx_word' id='word_1_270' title='bbox 1308 3731 1366 3782; x_wconf 78' lang='lat' dir='ltr'><strong>Aet</strong></span> <span class='ocrx_word' id='word_1_271' title='bbox 1381 3729 1450 3782; x_wconf 78' lang='lat' dir='ltr'><strong>uon.</strong></span> <span class='ocrx_word' id='word_1_272' title='bbox 1465 3731 1475 3782; x_wconf 92' lang='grc'><strong>1</strong></span> <span class='ocrx_word' id='word_1_273' title='bbox 1492 3747 1515 3800; x_wconf 83' lang='lat' dir='ltr'><strong>p.</strong></span> <span class='ocrx_word' id='word_1_274' title='bbox 1528 3730 1592 3795; x_wconf 76' lang='lat' dir='ltr'><strong>tte)</strong></span> 
     </span>
     <span class='ocr_line' id='line_1_29' title="bbox 443 3814 1504 3886; baseline 0.001 -19"><span class='ocrx_word' id='word_1_275' title='bbox 443 3815 462 3868; x_wconf 82' lang='lat' dir='ltr'><strong>le</strong></span> <span class='ocrx_word' id='word_1_276' title='bbox 473 3817 567 3880; x_wconf 69' lang='lat' dir='ltr'><strong>repom</strong></span> <span class='ocrx_word' id='word_1_277' title='bbox 578 3814 614 3868; x_wconf 87' lang='lat' dir='ltr'><strong>lV</strong></span> <span class='ocrx_word' id='word_1_278' title='bbox 625 3818 698 3870; x_wconf 80' lang='lat' dir='ltr'><strong>huius</strong></span> <span class='ocrx_word' id='word_1_279' title='bbox 710 3817 783 3883; x_wconf 59' lang='lat' dir='ltr'><strong>tigilli</strong></span> <span class='ocrx_word' id='word_1_280' title='bbox 795 3826 824 3871; x_wconf 86' lang='lat' dir='ltr'><strong>ut</strong></span> <span class='ocrx_word' id='word_1_281' title='bbox 836 3833 881 3872; x_wconf 78' lang='lat' dir='ltr'><strong>sue</strong></span> <span class='ocrx_word' id='word_1_282' title='bbox 893 3818 969 3870; x_wconf 79' lang='lat' dir='ltr'><strong>etism</strong></span> <span class='ocrx_word' id='word_1_283' title='bbox 981 3826 1066 3870; x_wconf 79' lang='lat' dir='ltr'><strong>estete</strong></span> <span class='ocrx_word' id='word_1_284' title='bbox 1079 3817 1224 3886; x_wconf 81' lang='lat' dir='ltr'><strong>superstitis</strong></span> <span class='ocrx_word' id='word_1_285' title='bbox 1237 3816 1389 3868; x_wconf 79' lang='lat' dir='ltr'><strong>ueouoneu</strong></span> <span class='ocrx_word' id='word_1_286' title='bbox 1400 3814 1504 3869; x_wconf 81' lang='lat' dir='ltr'><strong>luriunt.</strong></span> 
     </span>
    </p>

    <p class='ocr_par' dir='ltr' id='par_1_4' title="bbox 444 3901 1594 4398">
     <span class='ocr_line' id='line_1_30' title="bbox 499 3901 1592 3966; baseline 0.004 -14"><span class='ocrx_word' id='word_1_287' title='bbox 499 3901 537 3966; x_wconf 78' lang='grc'><strong>19)</strong></span> <span class='ocrx_word' id='word_1_288' title='bbox 556 3901 622 3964; x_wconf 76' lang='lat' dir='ltr'><strong>vid..</strong></span> <span class='ocrx_word' id='word_1_289' title='bbox 632 3909 661 3954; x_wconf 87' lang='lat' dir='ltr'><strong>ut</strong></span> <span class='ocrx_word' id='word_1_290' title='bbox 670 3904 826 3956; x_wconf 78' lang='lat' dir='ltr'><strong>recentiores</strong></span> <span class='ocrx_word' id='word_1_291' title='bbox 837 3910 932 3956; x_wconf 80' lang='lat' dir='ltr'><strong>tentum</strong></span> <span class='ocrx_word' id='word_1_292' title='bbox 942 3919 1083 3965; x_wconf 79' lang='lat' dir='ltr'><strong>memorem,</strong></span> <span class='ocrx_word' id='word_1_293' title='bbox 1094 3903 1198 3965; x_wconf 85' lang='lat' dir='ltr'><strong>liubiou,</strong></span> <span class='ocrx_word' id='word_1_294' title='bbox 1208 3902 1357 3956; x_wconf 81' lang='lat' dir='ltr'><strong>Uutereuelt.</strong></span> <span class='ocrx_word' id='word_1_295' title='bbox 1367 3901 1408 3953; x_wconf 77' lang='lat' dir='ltr'><strong>iii.</strong></span> <span class='ocrx_word' id='word_1_296' title='bbox 1419 3901 1592 3957; x_wconf 70' lang='lat' dir='ltr'><strong>rumvmto.</strong></span> 
     </span>
     <span class='ocr_line' id='line_1_31' title="bbox 444 3983 1594 4056; baseline 0.001 -16"><span class='ocrx_word' id='word_1_297' title='bbox 444 3984 520 4040; x_wconf 70' lang='lat' dir='ltr'><strong>Gemi.</strong></span> <span class='ocrx_word' id='word_1_298' title='bbox 533 3987 544 4038; x_wconf 93' lang='grc'><strong>1</strong></span> <span class='ocrx_word' id='word_1_299' title='bbox 559 3986 647 4056; x_wconf 70' lang='lat' dir='ltr'><strong>putu.</strong></span> <span class='ocrx_word' id='word_1_300' title='bbox 657 3988 715 4040; x_wconf 79' lang='grc'><strong>215.</strong></span> <span class='ocrx_word' id='word_1_301' title='bbox 726 3989 784 4042; x_wconf 85' lang='lat' dir='ltr'><strong>teu.</strong></span> <span class='ocrx_word' id='word_1_302' title='bbox 803 3987 927 4056; x_wconf 69' lang='lat' dir='ltr'><strong>Giittlioq,</strong></span> <span class='ocrx_word' id='word_1_303' title='bbox 940 3990 1065 4042; x_wconf 73' lang='lat' dir='ltr'><strong>Geminei.</strong></span> <span class='ocrx_word' id='word_1_304' title='bbox 1076 3987 1305 4041; x_wconf 65' lang='lat' dir='ltr'><strong>itumsuoesveot.</strong></span> <span class='ocrx_word' id='word_1_305' title='bbox 1316 4005 1340 4056; x_wconf 87' lang='lat' dir='ltr'><strong>p.</strong></span> <span class='ocrx_word' id='word_1_306' title='bbox 1356 3987 1411 4039; x_wconf 72' lang='lat' dir='ltr'><strong>teu.</strong></span> <span class='ocrx_word' id='word_1_307' title='bbox 1430 3983 1541 4051; x_wconf 76' lang='lat' dir='ltr'><strong>ttusdts,</strong></span> <span class='ocrx_word' id='word_1_308' title='bbox 1553 3989 1594 4041; x_wconf 89' lang='lat' dir='ltr'><strong>die</strong></span> 
     </span>
     <span class='ocr_line' id='line_1_32' title="bbox 444 4071 1593 4144; baseline -0.002 -20"><span class='ocrx_word' id='word_1_309' title='bbox 444 4071 571 4124; x_wconf 81' lang='lat' dir='ltr'><strong>Perduellio</strong></span> <span class='ocrx_word' id='word_1_310' title='bbox 584 4081 659 4126; x_wconf 79' lang='lat' dir='ltr'><strong>nster</strong></span> <span class='ocrx_word' id='word_1_311' title='bbox 669 4075 716 4127; x_wconf 80' lang='lat' dir='ltr'><strong>dee</strong></span> <span class='ocrx_word' id='word_1_312' title='bbox 729 4073 800 4128; x_wconf 78' lang='lat' dir='ltr'><strong>illim.</strong></span> <span class='ocrx_word' id='word_1_313' title='bbox 812 4071 936 4141; x_wconf 70' lang='lat' dir='ltr'><strong>lilioiqen,</strong></span> <span class='ocrx_word' id='word_1_314' title='bbox 949 4091 974 4144; x_wconf 87' lang='lat' dir='ltr'><strong>p.</strong></span> <span class='ocrx_word' id='word_1_315' title='bbox 987 4074 1029 4126; x_wconf 77' lang='lat' dir='ltr'><strong>le&#39;l.</strong></span> <span class='ocrx_word' id='word_1_316' title='bbox 1039 4073 1115 4139; x_wconf 75' lang='lat' dir='ltr'><strong>usit,</strong></span> <span class='ocrx_word' id='word_1_317' title='bbox 1133 4073 1224 4126; x_wconf 73' lang='lat' dir='ltr'><strong>cesse.</strong></span> <span class='ocrx_word' id='word_1_318' title='bbox 1235 4074 1281 4126; x_wconf 80' lang='lat' dir='ltr'><strong>des</strong></span> <span class='ocrx_word' id='word_1_319' title='bbox 1293 4072 1365 4124; x_wconf 78' lang='lat' dir='ltr'><strong>uso.</strong></span> <span class='ocrx_word' id='word_1_320' title='bbox 1378 4071 1593 4138; x_wconf 81' lang='lat' dir='ltr'><strong>Crimiuelreelus,</strong></span> 
     </span>
     <span class='ocr_line' id='line_1_33' title="bbox 444 4156 1593 4230; baseline 0.001 -20"><span class='ocrx_word' id='word_1_321' title='bbox 444 4157 509 4226; x_wconf 75' lang='lat' dir='ltr'><strong>pid.</strong></span> <span class='ocrx_word' id='word_1_322' title='bbox 544 4157 682 4226; x_wconf 69' lang='lat' dir='ltr'><strong>Wtiolqer,</strong></span> <span class='ocrx_word' id='word_1_323' title='bbox 703 4159 748 4212; x_wconf 82' lang='lat' dir='ltr'><strong>des</strong></span> <span class='ocrx_word' id='word_1_324' title='bbox 768 4161 954 4230; x_wconf 77' lang='lat' dir='ltr'><strong>Suerslepstem</strong></span> <span class='ocrx_word' id='word_1_325' title='bbox 974 4177 1000 4213; x_wconf 86' lang='lat' dir='ltr'><strong>u.</strong></span> <span class='ocrx_word' id='word_1_326' title='bbox 1020 4159 1066 4213; x_wconf 82' lang='lat' dir='ltr'><strong>des</strong></span> <span class='ocrx_word' id='word_1_327' title='bbox 1083 4159 1341 4214; x_wconf 78' lang='lat' dir='ltr'><strong>Provoestiousreelst</strong></span> <span class='ocrx_word' id='word_1_328' title='bbox 1358 4158 1383 4210; x_wconf 86' lang='lat' dir='ltr'><strong>d.</strong></span> <span class='ocrx_word' id='word_1_329' title='bbox 1401 4156 1470 4209; x_wconf 79' lang='lat' dir='ltr'><strong>ll&#39;o&#39;m.</strong></span> <span class='ocrx_word' id='word_1_330' title='bbox 1493 4172 1517 4225; x_wconf 87' lang='lat' dir='ltr'><strong>p.</strong></span> <span class='ocrx_word' id='word_1_331' title='bbox 1533 4156 1593 4212; x_wconf 83' lang='grc'><strong>211.</strong></span> 
     </span>
     <span class='ocr_line' id='line_1_34' title="bbox 446 4241 1592 4316; baseline 0.002 -22"><span class='ocrx_word' id='word_1_332' title='bbox 446 4241 534 4308; x_wconf 70' lang='lat' dir='ltr'><strong>ffluud,</strong></span> <span class='ocrx_word' id='word_1_333' title='bbox 554 4241 750 4299; x_wconf 78' lang='lat' dir='ltr'><strong>lleeltseltertl.</strong></span> <span class='ocrx_word' id='word_1_334' title='bbox 762 4263 787 4315; x_wconf 88' lang='lat' dir='ltr'><strong>p.</strong></span> <span class='ocrx_word' id='word_1_335' title='bbox 799 4245 850 4299; x_wconf 78' lang='grc'><strong>223</strong></span> <span class='ocrx_word' id='word_1_336' title='bbox 862 4261 915 4316; x_wconf 82' lang='lat' dir='ltr'><strong>sqq.</strong></span> <span class='ocrx_word' id='word_1_337' title='bbox 941 4244 1010 4312; x_wconf 76' lang='lat' dir='ltr'><strong>line,</strong></span> <span class='ocrx_word' id='word_1_338' title='bbox 1022 4243 1128 4298; x_wconf 72' lang='lat' dir='ltr'><strong>domu.</strong></span> <span class='ocrx_word' id='word_1_339' title='bbox 1140 4244 1187 4298; x_wconf 79' lang='lat' dir='ltr'><strong>eud</strong></span> <span class='ocrx_word' id='word_1_340' title='bbox 1193 4245 1220 4312; x_wconf 76' lang='lat' dir='ltr'><strong>d.</strong></span> <span class='ocrx_word' id='word_1_341' title='bbox 1233 4242 1296 4297; x_wconf 65' lang='grc' dir='ltr'><strong>(ὴ).</strong></span> <span class='ocrx_word' id='word_1_342' title='bbox 1309 4244 1334 4296; x_wconf 83' lang='grc'><strong>1.</strong></span> <span class='ocrx_word' id='word_1_343' title='bbox 1346 4242 1376 4296; x_wconf 89' lang='grc'><strong>11.</strong></span> <span class='ocrx_word' id='word_1_344' title='bbox 1388 4242 1592 4308; x_wconf 56' lang='lat' dir='ltr'><strong>Valuomeres.</strong></span> 
     </span>
     <span class='ocr_line' id='line_1_35' title="bbox 446 4327 574 4398; baseline -0.016 -2"><span class='ocrx_word' id='word_1_345' title='bbox 446 4327 500 4396; x_wconf 62' lang='lat' dir='ltr'><strong>su</strong></span> <span class='ocrx_word' id='word_1_346' title='bbox 511 4329 574 4398; x_wconf 71' lang='lat' dir='ltr'><strong>⁸uel</strong></span> 
     </span>
    </p>

    <p class='ocr_par' dir='ltr' id='par_1_5' title="bbox 500 4411 1566 4487">
     <span class='ocr_line' id='line_1_36' title="bbox 500 4411 1566 4487; baseline -0.002 -21"><span class='ocrx_word' id='word_1_347' title='bbox 500 4413 541 4478; x_wconf 78' lang='grc'><strong>81))</strong></span> <span class='ocrx_word' id='word_1_348' title='bbox 560 4413 630 4466; x_wconf 79' lang='lat' dir='ltr'><strong>Fest.</strong></span> <span class='ocrx_word' id='word_1_349' title='bbox 643 4413 714 4466; x_wconf 75' lang='lat' dir='ltr'><strong>Psoi.</strong></span> <span class='ocrx_word' id='word_1_350' title='bbox 725 4430 749 4482; x_wconf 88' lang='lat' dir='ltr'><strong>p.</strong></span> <span class='ocrx_word' id='word_1_351' title='bbox 762 4415 809 4468; x_wconf 90' lang='grc'><strong>221</strong></span> <span class='ocrx_word' id='word_1_352' title='bbox 823 4423 851 4470; x_wconf 89' lang='lat' dir='ltr'><strong>et</strong></span> <span class='ocrx_word' id='word_1_353' title='bbox 862 4417 951 4484; x_wconf 68' lang='lat' dir='ltr'><strong>tregru.</strong></span> <span class='ocrx_word' id='word_1_354' title='bbox 962 4435 987 4487; x_wconf 86' lang='lat' dir='ltr'><strong>p.</strong></span> <span class='ocrx_word' id='word_1_355' title='bbox 999 4416 1060 4470; x_wconf 73' lang='grc'><strong>258,</strong></span> <span class='ocrx_word' id='word_1_356' title='bbox 1072 4415 1191 4485; x_wconf 76' lang='lat' dir='ltr'><strong>Pompou.</strong></span> <span class='ocrx_word' id='word_1_357' title='bbox 1204 4415 1299 4467; x_wconf 78' lang='lat' dir='ltr'><strong>euehir.</strong></span> <span class='ocrx_word' id='word_1_358' title='bbox 1312 4415 1336 4466; x_wconf 82' lang='lat' dir='ltr'><strong>iu</strong></span> <span class='ocrx_word' id='word_1_359' title='bbox 1349 4413 1405 4479; x_wconf 62' lang='lat' dir='ltr'><strong>dlis.</strong></span> <span class='ocrx_word' id='word_1_360' title='bbox 1417 4411 1437 4478; x_wconf 92' lang='grc'><strong>1,</strong></span> <span class='ocrx_word' id='word_1_361' title='bbox 1449 4412 1474 4476; x_wconf 88' lang='grc'><strong>2,</strong></span> <span class='ocrx_word' id='word_1_362' title='bbox 1487 4412 1511 4477; x_wconf 85' lang='grc'><strong>2,</strong></span> <span class='ocrx_word' id='word_1_363' title='bbox 1524 4411 1566 4464; x_wconf 77' lang='grc'><strong>22.</strong></span> 
     </span>
    </p>

    <p class='ocr_par' dir='ltr' id='par_1_6' title="bbox 449 4497 1596 4809">
     <span class='ocr_line' id='line_1_37' title="bbox 501 4497 1595 4568; baseline -0.001 -18"><span class='ocrx_word' id='word_1_364' title='bbox 501 4497 542 4564; x_wconf 85' lang='grc'><strong>81)</strong></span> <span class='ocrx_word' id='word_1_365' title='bbox 562 4497 698 4566; x_wconf 73' lang='lat' dir='ltr'><strong>Dionysius</strong></span> <span class='ocrx_word' id='word_1_366' title='bbox 709 4497 755 4565; x_wconf 92' lang='grc'><strong>111,</strong></span> <span class='ocrx_word' id='word_1_367' title='bbox 771 4499 803 4552; x_wconf 93' lang='grc'><strong>22</strong></span> <span class='ocrx_word' id='word_1_368' title='bbox 820 4501 845 4553; x_wconf 82' lang='lat' dir='ltr'><strong>lu</strong></span> <span class='ocrx_word' id='word_1_369' title='bbox 857 4501 995 4555; x_wconf 76' lang='lat' dir='ltr'><strong>tionum</strong></span> <span class='ocrx_word' id='word_1_370' title='bbox 1011 4501 1103 4555; x_wconf 84' lang='lat' dir='ltr'><strong>iodiele</strong></span> <span class='ocrx_word' id='word_1_371' title='bbox 1115 4517 1195 4568; x_wconf 82' lang='lat' dir='ltr'><strong>oeque</strong></span> <span class='ocrx_word' id='word_1_372' title='bbox 1207 4500 1395 4553; x_wconf 69' lang='lat' dir='ltr'><strong>duumvirum</strong></span> <span class='ocrx_word' id='word_1_373' title='bbox 1406 4513 1487 4565; x_wconf 82' lang='lat' dir='ltr'><strong>neque</strong></span> <span class='ocrx_word' id='word_1_374' title='bbox 1499 4513 1595 4566; x_wconf 83' lang='lat' dir='ltr'><strong>preve·</strong></span> 
     </span>
     <span class='ocr_line' id='line_1_38' title="bbox 449 4583 1596 4656; baseline -0.001 -20"><span class='ocrx_word' id='word_1_375' title='bbox 449 4583 539 4636; x_wconf 70' lang='lat' dir='ltr'><strong>adesis</strong></span> <span class='ocrx_word' id='word_1_376' title='bbox 549 4583 700 4636; x_wconf 73' lang='lat' dir='ltr'><strong>mentionem</strong></span> <span class='ocrx_word' id='word_1_377' title='bbox 711 4583 787 4647; x_wconf 75' lang='lat' dir='ltr'><strong>lecit,</strong></span> <span class='ocrx_word' id='word_1_378' title='bbox 808 4587 853 4639; x_wconf 85' lang='lat' dir='ltr'><strong>sed</strong></span> <span class='ocrx_word' id='word_1_379' title='bbox 864 4587 1016 4656; x_wconf 76' lang='lat' dir='ltr'><strong>sinpliciter.</strong></span> <span class='ocrx_word' id='word_1_380' title='bbox 1025 4603 1127 4654; x_wconf 64' lang='lat' dir='ltr'><strong>resen,</strong></span> <span class='ocrx_word' id='word_1_381' title='bbox 1147 4601 1222 4655; x_wconf 75' lang='lat' dir='ltr'><strong>quen</strong></span> <span class='ocrx_word' id='word_1_382' title='bbox 1239 4600 1287 4639; x_wconf 81' lang='lat' dir='ltr'><strong>nee</strong></span> <span class='ocrx_word' id='word_1_383' title='bbox 1302 4585 1469 4638; x_wconf 76' lang='lat' dir='ltr'><strong>medensem</strong></span> <span class='ocrx_word' id='word_1_384' title='bbox 1481 4585 1536 4654; x_wconf 82' lang='lat' dir='ltr'><strong>ipse</strong></span> <span class='ocrx_word' id='word_1_385' title='bbox 1548 4597 1596 4635; x_wconf 78' lang='lat' dir='ltr'><strong>nee</strong></span> 
     </span>
     <span class='ocr_line' id='line_1_39' title="bbox 450 4666 1596 4743; baseline 0.004 -23"><span class='ocrx_word' id='word_1_386' title='bbox 450 4667 565 4722; x_wconf 76' lang='lat' dir='ltr'><strong>dimisere</strong></span> <span class='ocrx_word' id='word_1_387' title='bbox 580 4667 710 4722; x_wconf 78' lang='lat' dir='ltr'><strong>lleretiu</strong></span> <span class='ocrx_word' id='word_1_388' title='bbox 726 4670 819 4738; x_wconf 80' lang='lat' dir='ltr'><strong>vellet,</strong></span> <span class='ocrx_word' id='word_1_389' title='bbox 835 4685 887 4725; x_wconf 75' lang='lat' dir='ltr'><strong>re·</strong></span> <span class='ocrx_word' id='word_1_390' title='bbox 903 4673 995 4743; x_wconf 80' lang='lat' dir='ltr'><strong>popule</strong></span> <span class='ocrx_word' id='word_1_391' title='bbox 1011 4670 1171 4743; x_wconf 68' lang='grc' dir='ltr'><strong>ραι-ιίιίικ,</strong></span> <span class='ocrx_word' id='word_1_392' title='bbox 1187 4671 1262 4740; x_wconf 80' lang='lat' dir='ltr'><strong>idque</strong></span> <span class='ocrx_word' id='word_1_393' title='bbox 1274 4670 1383 4723; x_wconf 74' lang='lat' dir='ltr'><strong>unuin</strong></span> <span class='ocrx_word' id='word_1_394' title='bbox 1394 4669 1499 4740; x_wconf 78' lang='lat' dir='ltr'><strong>prim</strong></span> <span class='ocrx_word' id='word_1_395' title='bbox 1510 4666 1596 4739; x_wconf 67' lang='lat' dir='ltr'><strong>pepuli</strong></span> 
     </span>
     <span class='ocr_line' id='line_1_40' title="bbox 451 4751 648 4809; baseline 0 0"><span class='ocrx_word' id='word_1_396' title='bbox 451 4751 549 4809; x_wconf 74' lang='lat' dir='ltr'><strong>uuum</strong></span> <span class='ocrx_word' id='word_1_397' title='bbox 560 4753 648 4809; x_wconf 70' lang='lat' dir='ltr'><strong>toton.</strong></span> 
     </span>
    </p>
   </div>
   <div class='ocr_carea' id='block_1_4' title="bbox 0 0 1931 5609">
    <p class='ocr_par' dir='ltr' id='par_1_7' title="bbox 0 0 1931 5609">
     <span class='ocr_line' id='line_1_41' title="bbox 0 0 1931 5609; baseline 0 0"><span class='ocrx_word' id='word_1_398' title='bbox 0 0 1931 5609; x_wconf 95' lang='lat' dir='ltr'><strong> </strong></span> 
     </span>
    </p>
   </div>
  </div>
 </body>
</html>
