3792 5609
491 1989 549 2081 titt
580 1987 727 2085 ciust
760 1993 1070 2088 denuntietur
1103 1995 1150 2088 IN
1184 1995 1303 2091 iSdEi
1336 1993 1404 2090 Old
1427 1997 1486 2090 ttt

826 2202 1024 2301 rttttot't.
1053 2206 1154 2301 title

350 2493 371 2546 ³
495 2475 649 2556 disteriam
675 2495 823 2560 sesittendi
849 2499 1049 2580 sumpsimus,
1081 2497 1317 2574 commilitones,
1346 2509 1464 2563 tenuem
1492 2499 1569 2564 iliam

407 2593 526 2674 quidem
542 2606 603 2658 eta
619 2597 817 2677 plurimorum
832 2600 938 2664 studiis
953 2601 1072 2682 longius
1087 2609 1243 2674 remotam,
1259 2601 1314 2663 sed
1330 2601 1367 2664 iis
1381 2611 1481 2664 tamen
1493 2612 1570 2664 serto

408 2695 556 2772 Vestmrn,
576 2699 625 2779 qui
646 2699 775 2781 antiquis
789 2701 894 2764 titteris
910 2721 1033 2784 etquenam
1049 2704 1130 2778 siant,
1147 2721 1243 2784 neque
1258 2703 1388 2766 inutilem
1404 2705 1440 2766 esi
1456 2721 1569 2784 eogno-

407 2797 550 2860 sumtum
562 2818 657 2880 neque
667 2799 811 2882 ingratam
824 2804 963 2874 suturam,
980 2803 1089 2885 quippe
1101 2822 1194 2885 quunr
1207 2813 1237 2867 et
1247 2805 1282 2868 ed
1296 2803 1568 2887 interpretationem

408 2899 552 2981 pertineat
570 2901 677 2964 ueteris
695 2902 850 2984 seripturis
865 2924 926 2968 non
941 2905 1167 2982 contemnendi,
1188 2915 1217 2968 et
1233 2915 1353 2970 tmotuta
1369 2925 1465 2988 nuper
1479 2905 1519 2968 sit
1533 2906 1571 2969 ab

407 3021 470 3067 uno
490 3005 664 3068 Vestromm
688 3006 866 3086 aequatione,
892 3006 1021 3088 optimae
1044 3007 1108 3088 spei
1133 3007 1250 3083 iurene,
1277 3007 1362 3072 ouius
1381 3007 1567 3080 industriam,

406 3103 523 3166 etianssi
541 3105 598 3168 imo
616 3105 646 3168 in
665 3125 698 3170 re
717 3125 779 3170 non
797 3107 893 3170 etteeit
906 3107 986 3188 quod
1001 3105 1107 3180 soluit,
1125 3105 1245 3172 laudare
1260 3117 1356 3172 tantm
1371 3109 1449 3191 apud
1466 3109 1524 3170 Vos
1540 3117 1569 3171 et

405 3205 442 3266 ad
457 3207 685 3271 aemulationem
700 3207 982 3272 honestissimorum
998 3207 1165 3271 studiorum
1182 3209 1390 3274 commendere
1406 3211 1493 3273 iuuet
1516 3211 1569 3272 Est

405 3307 431 3369 is
457 3307 680 3372 dermannus
707 3311 968 3390 Seireiiingius,
998 3310 1175 3374 nobilissimi
1201 3312 1371 3395 piriiosopiri
1399 3313 1491 3387 tilius,
1517 3313 1568 3394 qui

404 3429 496 3492 quum
512 3411 542 3474 in
557 3411 747 3475 universitate
761 3413 929 3476 itonamnsi
944 3413 1048 3477 litteris
1062 3413 1208 3489 student,
1226 3424 1385 3497 essentque
1400 3435 1416 3477 a
1433 3415 1568 3477 tenuitate

405 3514 611 3596 philosophis-a
626 3514 692 3577 eius
705 3515 906 3578 universitatis
920 3516 1122 3579 adolescentes
1138 3517 1265 3581 studiosi
1282 3517 1447 3599 provocati,
1461 3525 1495 3580 ut
1509 3516 1568 3578 So·

405 3617 482 3679 isonis
504 3618 602 3700 legum
625 3617 778 3700 reliquias,
804 3625 952 3700 quotquot
970 3618 1007 3681 ab
1026 3617 1197 3681 oratoribus
1216 3619 1319 3682 dttieis
1339 3628 1469 3682 seruatae
1488 3629 1567 3692 sunt,

405 3719 590 3800 esitiigerent,
631 3721 710 3784 iusto
744 3722 850 3785 ordine
880 3721 1077 3804 disponerent
1105 3729 1135 3784 et
1163 3731 1297 3784 aeouratn
1329 3721 1569 3805 interpretatione

406 3819 597 3898 iliustrarent,
616 3825 675 3889 hoe
693 3823 812 3907 negotio
832 3825 872 3890 itu
891 3827 1011 3889 iunctus
1030 3834 1090 3900 est,
1111 3832 1190 3888 utet
1205 3823 1368 3908 praemium
1384 3843 1402 3886 a
1418 3823 1568 3904 magistris

406 3923 633 3990 dionaeensilsus
652 3929 840 4011 propositum
859 3929 1069 4012 reportaverit,
1093 3938 1123 3992 et
1141 3927 1166 3992 si
1187 3927 1300 3992 naviter
1318 3944 1442 4010 pergere
1462 3925 1492 3988 iu
1510 3926 1570 3990 hoo

406 4027 573 4092 studiorum
593 4030 739 4096 eurrieuto
754 4031 891 4108 uoluerit,
909 4052 971 4097 nou
991 4033 1094 4115 exigua
1114 4031 1144 4095 in
1164 4041 1318 4114 posterum
1336 4028 1439 4094 litteris
1455 4021 1578 4094 nostris

408 4129 586 4196 inerementa
599 4135 703 4198 efferre
717 4155 809 4218 posse
824 4136 965 4200 uidentur.
988 4137 1047 4200 Sed
1064 4137 1101 4200 de
1115 4135 1198 4200 omni
1212 4135 1276 4199 eius
1291 4133 1437 4217 opusculo
1447 4135 1475 4210 ¹)
1490 4132 1567 4194 iudi·

408 4233 485 4298 eium
505 4246 641 4300 murum
661 4237 718 4302 alio
737 4247 872 4322 temporo
891 4257 1111 4322 proponemus:
1133 4257 1214 4302 nuno
1232 4255 1325 4302 uuum
1341 4236 1439 4300 ioeunr
1455 4233 1567 4298 exemi·

408 4355 479 4400 nase
503 4337 687 4405 detrusimus
711 4361 747 4406 ex
772 4342 835 4406 iure
858 4341 1038 4407 hereditario
1063 4341 1308 4416 Atheniensium,
1336 4338 1417 4422 quod
1443 4337 1491 4400 ius
1517 4336 1567 4418 qui

410 4440 525 4524 primm
538 4451 640 4508 nosue
654 4446 796 4510 mensotis
810 4445 948 4511 subtilius
963 4445 1110 4522 uacuus,
1125 4443 1329 4510 iiuuaeuius
1343 4443 1377 4506 t.
1388 4443 1435 4518 (1.,
1449 4439 1567 4520 triginta

479 4699 504 4766 q
520 4699 619 4755 entra
633 4701 681 4755 soe
696 4703 837 4772 ..μή-ο
853 4703 901 4757 sos
915 4703 1003 4757 usuro
1030 4701 1116 4758 nm
1127 4699 1280 4770 sensuque
1291 4699 1353 4772 pue
1364 4697 1404 4752 us.
1416 4696 1448 4751 n
1463 4694 1566 4750 some

407 4783 509 4856 belim
527 4786 600 4858 qd
613 4792 731 4843 seem
746 4790 851 4843 Atatem
865 4790 1033 4860 hautio,
1051 4793 1080 4844 ts
1095 4793 1202 4845 sertus.
1217 4787 1256 4840 iit.
1272 4789 1319 4841 eie.
1335 4787 1404 4840 asie.
1418 4782 1517 4838 Mosa.
1532 4783 1566 4834 si

407 4873 556 4948 upupae
568 4873 626 4929 ent
634 4877 752 4949 musto
761 4892 779 4929 ι
789 4877 861 4947 aq·
869 4883 1031 4952 pensemus
1042 4882 1146 4934 maes.
1164 4873 1284 4943 multu,
1297 4870 1485 4928 nucccxttt.
