3792 5609
715 1993 1101 2089 PRAEFATIO.

414 2284 497 2378 llnae
512 2305 571 2367 hue
586 2301 732 2365 uelurnine
747 2301 934 2366 eontinentur
949 2303 1107 2384 opuscula,
1128 2302 1196 2365 tia-t
1210 2303 1310 2364 auraria
1331 2302 1388 2363 iarn
1406 2301 1488 2381 prius

322 2427 412 2504 edita,
442 2426 582 2509 pleraque
608 2432 705 2488 barram
732 2443 787 2506 pro
812 2421 928 2488 ineditis
953 2425 1053 2488 lralrem'
1078 2433 1220 2508 possunt,
1249 2421 1488 2506 ‹prrasreleepridenr

322 2549 500 2634 seriptianes
514 2546 682 2612 huiusmodi
698 2545 893 2620 academicae,
909 2567 1001 2630 quum
1016 2546 1131 2624 nndtis,
1146 2566 1274 2628 qnorum
1290 2544 1360 2609 nibil
1374 2547 1490 2620 reserat,

323 2671 494 2754 pramismre
508 2669 729 2745 distribuantur,
740 2670 777 2733 ad
792 2669 1016 2751 dissiluerunt
1032 2669 1099 2752 plus
1114 2668 1239 2743 intersit,
1254 2686 1322 2732 rare
1337 2667 1490 2764 pern-nim

324 2794 429 2858 solent
467 2792 518 2857 Sie
535 2812 616 2856 meas
631 2811 750 2876 qnoque
764 2791 910 2856 interdurn
925 2811 942 2854 a
958 2791 1027 2855 risis
1042 2791 1153 2868 doctis,
1173 2791 1224 2876 «pri
1243 2811 1293 2855 eas
1308 2808 1490 2871 magnuscem
1507 2869 1510 2872 ἦ

324 2923 479 2999 errpermt,
496 2914 603 2979 treutra
618 2914 765 2998 qnaesin's
780 2935 848 2979 esse
862 2914 1010 2998 eerrrperi,
1028 2911 1154 2998 ideoque
1172 2915 1228 2978 luae
1241 2912 1370 2977 uelitisne
1384 2913 1490 2977 itemm

324 3037 514 3121 publicandas
534 3037 642 3122 pntmi.
669 3038 830 3104 demdebat
847 3038 928 3123 «pared
943 3038 1121 3114 nenrnrllus,
1134 3038 1185 3122 qui
1200 3057 1289 3102 ntrarn
1304 3046 1355 3102 ant
1369 3037 1489 3103 alteram

323 3181 423 3226 earum
440 3173 628 3246 usurparunt,
642 3161 724 3226 aliter
737 3181 825 3245 ipram
841 3161 942 3227 nellmn
959 3162 995 3226 iis
1010 3182 1083 3226 uses
1098 3183 1165 3226 esse
1176 3161 1317 3226 ridebam.
1340 3161 1407 3225 l'nit
1416 3162 1490 3226 aden

323 3302 427 3364 nuper,
442 3282 492 3366 qni
506 3283 681 3347 sententiam
697 3283 844 3365 quandam
861 3283 931 3346 nribi
946 3283 1117 3348 attribueret
1131 3303 1257 3367 prersns
1270 3304 1287 3347 a
1299 3305 1347 3348 rire
1357 3284 1491 3358 alis-aram,

324 3424 390 3467 eam
405 3413 518 3480 antem,
537 3424 701 3486 quantegu
721 3423 782 3468 non
803 3405 894 3468 sennl
914 3423 1009 3488 neque
1028 3406 1154 3470 eliseum
1173 3424 1404 3488 prepasneram,
1425 3415 1489 3468 tan·

323 3546 412 3608 speram
432 3546 517 3590 stram
537 3525 610 3590 milri
630 3536 804 3608 apponeret.
837 3526 893 3590 ulii
912 3547 1005 3609 rpmm
1025 3549 1041 3590 a
1065 3547 1113 3590 nae
1131 3525 1335 3600 dissentirent,
1358 3525 1491 3606 prellteri

267 3735 269 3740 Ι
324 3647 493 3712 dissensum
509 3646 581 3710 satis
596 3645 777 3724 babuerunt,
791 3657 962 3728 argumenta
976 3657 1072 3711 autern
1088 3645 1277 3720 strutiones,
1293 3645 1402 3726 quibus
1417 3665 1491 3708 usus

227 3783 228 3788 ’
324 3789 431 3843 essem,
447 3769 612 3832 exarninare
626 3789 661 3831 ae
675 3768 806 3848 refellere
821 3768 1000 3842 annuerunt,
1014 3767 1216 3850 sparantabrem,
1231 3775 1264 3829 nt
1278 3765 1430 3829 diiudicari
1446 3778 1490 3829 ta·

326 3907 394 3951 risen
410 3889 447 3951 ab
462 3887 688 3969 intelligentibus
703 3896 822 3969 pusset,
841 3887 879 3950 ab
895 3896 959 3950 ntra
974 3895 1057 3968 parte
1071 3887 1185 3950 reriura
1199 3885 1375 3960 dieennaue,
1391 3890 1492 3970 pirani-

324 4008 454 4072 ‹lendnm
480 4018 555 4083 erat,
584 4026 623 4071 ns
653 4008 927 4088 mgnuseendarum
954 4007 1187 4090 disputationum
1213 4026 1346 4072 mearum
1373 4009 1493 4073 tarrdtas

325 4129 461 4212 cuiquam
476 4128 601 4192 deesset
631 4127 732 4209 Neque
746 4127 826 4192 enirn
846 4129 873 4192 is
888 4148 971 4202 sarm,
991 4127 1091 4211 quiin
1111 4129 1252 4192 sularibus
1272 4149 1321 4192 me
1340 4129 1492 4194 ueritatem

325 4255 517 4332 assequutnm
531 4267 599 4312 essa
613 4247 732 4331 epinera
745 4257 776 4311 at
789 4258 868 4312 esrte
882 4247 919 4312 ab
934 4248 1016 4313 aneni
1031 4248 1189 4332 cupuditate
1202 4260 1232 4312 et
1246 4249 1408 4313 tenteritate
1418 4267 1492 4312 cen·

325 4369 460 4445 iactandi,
475 4389 532 4452 qua
547 4367 658 4433 multas
673 4369 761 4433 bodie
777 4379 963 4434 transversas
977 4369 1024 4453 agi
1039 4369 1134 4446 virleu,
1148 4370 1323 4454 longissime
1333 4371 1376 4434 rel
1390 4381 1493 4436 natura
1565 4408 1567 4411 ·

326 4494 368 4556 sel
388 4490 522 4556 merilms
543 4512 592 4555 me
610 4499 759 4556 muratum
779 4511 845 4555 esse
871 4491 948 4569 scia,
972 4512 1096 4575 easrrque
1119 4512 1239 4576 semper
1260 4493 1291 4556 in
1315 4493 1494 4576 ali-aputamla

325 4613 401 4677 eiam
417 4622 517 4676 tenera
530 4611 647 4699 studui,
665 4630 756 4694 qnam
771 4633 788 4676 a
806 4612 870 4676 vire
885 4612 988 4676 sobrie
1004 4625 1034 4677 et
1048 4614 1138 4678 mains
1153 4614 1281 4679 serium
1296 4614 1434 4679 studiosa
1449 4626 1494 4679 te-

326 4734 389 4798 neri
404 4742 566 4818 oporteret.
598 4734 694 4817 Atque
714 4732 785 4797 bine
802 4733 892 4798 edam
913 4735 1022 4799 laetum
1037 4747 1084 4800 est
1103 4755 1336 4820 nunnunquam,
1355 4748 1390 4801 ιιι
1407 4736 1494 4806 altas
