3792 5609
859 659 901 724 37

779 747 980 760 'nu—*-

299 848 376 912 sieut
395 865 515 911 ornnem
534 865 597 912 rem
612 849 777 924 militarem,
798 850 835 915 ita
851 851 1013 934 equitatum
1028 847 1202 921 restituisse,
1216 864 1346 928 moxque
1359 863 1395 909 ea
1409 845 1460 909 tl-

298 951 383 1016 bsnis
398 952 485 1016 etiam
501 952 626 1016 auxisse.
664 954 752 1029 Quod
767 964 865 1020 autern
881 956 980 1020 Livius
995 958 1096 1019 deoem
1111 964 1226 1016 turmas
1241 950 1370 1014 adiectas
1385 949 1461 1012 scri·
1527 959 1532 965 ⁴

299 1055 350 1130 bit,
370 1056 459 1120 huius
478 1057 594 1120 numeri
614 1057 686 1121 tides
705 1078 795 1140 penes
819 1068 970 1123 auctorem
989 1067 1064 1122 esto.
1101 1058 1237 1120 &terum
1256 1055 1283 1116 si
1303 1053 1407 1118 Albani
1421 1053 1461 1117 illi
1484 1062 1528 1115 ιτ
1596 1070 1600 1074 “

299 1169 350 1223 ιιι
369 1178 475 1222 omnes
492 1169 543 1222 aut
561 1161 692 1242 plerique
711 1162 826 1226 Etrusci
847 1163 977 1234 luerunt,
996 1163 1084 1235 etiam
1103 1162 1249 1224 Lucerum
1268 1155 1460 1240 potissimum

298 1261 429 1345 equitum
445 1263 609 1327 centuriam
624 1273 740 1327 auctam
755 1285 821 1328 esse
836 1273 1010 1340 statuemus,
1027 1262 1266 1346 quandoquidem
1282 1260 1375 1324 luisse
1388 1260 1462 1323 haee

299 1367 357 1428 ianr
373 1375 457 1428 antea
471 1375 501 1428 et
515 1365 552 1429 ab
566 1365 649 1429 initio
664 1368 706 1430 rei
721 1367 853 1448 publicae
867 1369 1046 1450 qurltiloetur.
1083 1366 1141 1430 Sed
1156 1364 1219 1426 fieri
1233 1371 1342 1444 potest,
1354 1371 1389 1425 ut
1402 1362 1462 1425 hoo

299 1469 398 1550 ipsum
423 1469 603 1550 posteriores
627 1471 747 1534 demum
771 1473 929 1534 commenti
953 1472 1028 1545 sint,
1053 1479 1136 1532 retus
1160 1477 1259 1532 autem
1283 1476 1313 1529 et
1333 1465 1460 1546 genuina

166 1619 170 1678 ί,
298 1569 416 1634 traditio
440 1573 586 1638 Lucerum
615 1575 746 1657 eqtritum
778 1575 992 1638 institutionem
1021 1591 1082 1638 non
1104 1573 1232 1636 llomulo
1257 1568 1309 1633 sed
1333 1566 1460 1631 Hostilio

152 1706 169 1767 ι,
234 1743 236 1746 ,
300 1673 488 1753 ιιίΙιιιιιίι*).

385 1781 479 1844 Porro
495 1792 698 1863 quaesturam,
721 1781 771 1864 qui
792 1801 871 1846 unus
891 1780 1081 1863 magistratus
1101 1778 1269 1844 ordinarius
1288 1785 1359 1858 post
1376 1793 1460 1856 reges

160 1906 162 1913 ’
185 1883 186 1886 ’
299 1891 417 1946 exactos
432 1883 463 1946 in
478 1903 510 1947 re
524 1884 640 1967 publica
655 1885 737 1948 omni
753 1894 886 1968 tempore
901 1886 1071 1966 permansit,
1085 1884 1216 1968 plerique
1229 1902 1247 1944 a
1261 1880 1347 1944 rouo
1357 1879 1460 1942 llosti·

299 1987 338 2050 lio
360 1985 524 2050 institutam
543 2007 608 2051 esse
628 1988 821 2052 erediderunt
863 1989 968 2052 [locuit
986 1991 1044 2052 hoc
1064 1988 1205 2070 Ulpianus
1225 1985 1300 2048 libro
1319 1983 1461 2064 singulari

300 2089 336 2152 dc
356 2089 461 2152 oldeiis
480 2091 730 2168 Quaesrocisvst:
755 2110 823 2155 nana
846 2093 977 2155 historici
997 2091 1092 2156 nostri
1111 2111 1173 2154 rem
1194 2088 1308 2152 silentio
1328 2096 1460 2170 perarua·-

301 2193 429 2258 mittunt.
467 2193 525 2256 Sed
546 2193 691 2274 pertinent
708 2195 768 2258 huo
788 2195 866 2258 laaud
882 2195 981 2266 dubie,
1001 2215 1076 2276 quae
1095 2195 1131 2257 de
1146 2191 1258 2255 lloratii
1272 2190 1381 2254 iudicio
1396 2209 1459 2252 me·

301 2307 456 2361 morentur
471 2297 635 2380 creatisque
650 2319 666 2362 a
682 2317 749 2380 rege
764 2299 943 2375 dunen-iris,
965 2317 1125 2380 equorum
1140 2294 1284 2359 sententia
1299 2311 1460 2376 provocare

301 2401 336 2465 ad
352 2402 496 2485 populum
511 2403 650 2466 damnato
662 2403 781 2466 liceretl
792 2407 829 2482 ¹).
857 2403 1011 2468 lloratinm
1023 2403 1111 2477 onina,
1125 2419 1219 2482 quum
1230 2397 1313 2463 victis
1323 2395 1461 2460 Curiatiis

301 2506 426 2570 Romam
438 2506 553 2582 rediret,
568 2527 702 2572 sororem
714 2527 811 2582 suana,
826 2527 901 2588 quae
911 2508 1091 2590 desponsata
1103 2505 1155 2570 uni
1166 2525 1201 2568 ca
1212 2501 1348 2567 Curiatiis
1364 2500 1461 2575 luerit,

301 2619 503 2675 occurrentem
520 2611 574 2676 sibi
591 2613 627 2676 ad
643 2623 759 2695 portans
771 2613 918 2696 Coponem
934 2611 1112 2695 caedemque
1125 2609 1230 2692 sponsi
1245 2606 1461 2670 dcebilitercou·

300 2725 481 2798 querentem,
504 2716 600 2798 gladio
616 2717 805 2794 transfixisse,
819 2736 971 2800 equitataque
984 2727 1088 2800 raptus
1100 2717 1131 2780 in
1146 2714 1192 2778 ius
1207 2713 1243 2778 ad
1259 2731 1358 2791 repom
1373 2719 1461 2782 esset,

301 2818 473 2894 Hostilium,
494 2837 531 2882 ae
546 2819 611 2903 ipse
628 2831 687 2886 tam
703 2821 796 2884 tristis
812 2821 910 2885 iudicii
926 2830 978 2885 aut
991 2819 1155 2884 secundum
1171 2816 1311 2880 iudicium
1328 2811 1464 2896 supplicii

301 2932 405 2986 auctor
418 2930 506 2998 esset,
522 2924 646 2988 concilio
662 2925 763 3009 populi
779 2925 920 2990 advocato
940 2925 1115 2989 duumuiros
1130 2939 1257 2994 creasse,
1275 2917 1326 3002 qui
1341 2917 1464 2982 lloratio

302 3026 530 3110 perduellionem
550 3029 727 3106 iudicarent,
742 3030 794 3094 sed
813 3030 869 3094 hae
887 3031 963 3114 lege,
982 3040 1015 3093 ut
1029 3029 1226 3093 condemnato
1241 3021 1412 3108 pacorocatio
1427 3021 1464 3085 ad

302 3132 445 3214 populum
458 3133 676 3198 concederetur.
704 3135 798 3199 Usum
809 3137 864 3198 hac
876 3137 937 3216 lege
949 3134 1115 3207 llocatium,
1126 3141 1157 3195 et
1167 3132 1341 3213 deprecante
1351 3126 1464 3190 ιιὶιιιιι

301 3243 384 3316 patre
403 3256 420 3299 a
439 3236 551 3319 populo
567 3239 735 3304 absolutum
750 3258 829 3314 esse3
849 3239 900 3302 sed
917 3250 950 3302 ut
963 3240 1067 3303 caedes
1081 3235 1237 3300 manilesta
1252 3232 1349 3314 aliquo
1365 3241 1463 3292 tamen

317 3396 602 3409 -———-—...—..-...-

302 3485 406 3539 llosnulo
418 3503 463 3556 pro
476 3485 629 3540 satellitibus
642 3483 720 3538 luisse
733 3487 808 3540 etiam
821 3487 958 3557 Dionysius
970 3481 1136 3547 memoratu,
1155 3479 1194 3533 ld.
1230 3477 1278 3546 Qui
1290 3475 1339 3528 aleo
1351 3475 1462 3528 eeleruaa

301 3589 395 3640 genera
411 3573 596 3639 distinxerunt,
611 3580 658 3625 aut
672 3572 738 3626 alios
754 3573 853 3641 equites
864 3574 930 3627 alios
942 3573 1042 3625 celeres
1054 3570 1133 3623 faisse
1145 3566 1319 3628 crediderant,
1335 3563 1360 3616 ia
1373 3562 1462 3631 qailras

302 3659 388 3714 livius
401 3659 424 3728 1,
445 3661 489 3725 ld,
507 3659 531 3713 8.
547 3660 590 3724 ts,
608 3661 663 3712 Set
675 3657 802 3712 Plutacela.
820 3659 890 3712 Rern.
902 3677 924 3712 c.
940 3659 969 3712 ld
981 3658 1039 3711 coll
1051 3657 1096 3721 26,
1114 3657 1138 3710 ia
1150 3653 1283 3708 aaaailesto
1295 3666 1386 3704 errore
1403 3664 1462 3702 rer·

302 3756 397 3800 untur.
433 3745 470 3801 Ci.
488 3747 551 3800 Plio.
568 3745 601 3800 lt.
613 3745 644 3799 ll.
656 3744 781 3812 xxxttr,
798 3745 813 3798 2
829 3763 854 3815 p.
867 3746 926 3800 tlt.
962 3745 1033 3799 l'est.
1050 3744 1121 3798 Paul.
1137 3760 1162 3811 p.
1174 3743 1215 3796 ts.
1250 3740 1325 3793 Serv.
1340 3740 1373 3792 ad
1383 3737 1464 3804 Verq.

302 3835 364 3886 Aea.
378 3833 423 3897 xl,
435 3834 494 3887 603.
1100 3866 1103 3872 -

370 3920 403 3986 Γ)
426 3919 464 3974 Ci.
477 3921 564 3974 llerta.
577 3919 602 3973 ia
614 3920 703 3973 lliurn.
713 3920 808 3990 antiqu.
819 3936 876 3972 ana.
892 3919 956 3972 taso
968 3936 993 3989 p.
1008 3919 1079 3986 lim]

370 4005 413 4075 ld)
432 4007 580 4062 Adscribam
591 4015 672 4061 totum
685 4007 775 4073 lorum,
790 4014 819 4060 ut
829 4015 967 4078 excerptus
978 4015 1019 4061 eat
1031 4007 1056 4059 ia
1069 4006 1125 4072 llis.
1137 4003 1157 4068 1,
1171 4001 1211 4068 1³,
1226 4003 1254 4054 le
1270 4000 1368 4068 „origo
1379 4001 1464 4071 Quae·

302 4093 414 4148 storibns
430 4095 546 4150 creandis
561 4095 734 4165 antiquissima
745 4102 787 4148 est
798 4101 825 4148 et
836 4110 914 4164 pacm
926 4103 986 4149 aete
997 4111 1084 4147 omaes
1095 4091 1268 4159 naqistratus.
1303 4085 1465 4142 Gramineus

301 4181 408 4252 denique
421 4183 569 4254 [namquel]
586 4181 672 4236 lanius
688 4183 752 4248 libro
769 4181 874 4252 septimo
891 4182 922 4234 de
935 4181 1103 4253 potestatibus
1114 4179 1191 4233 suan
1202 4177 1284 4248 ipsum
1295 4173 1426 4230 Romula!
1437 4183 1466 4228 et

302 4268 406 4323 Numam
418 4269 566 4341 Pompilium
582 4270 655 4323 binos
666 4269 822 4339 Quaestores
839 4266 969 4334 babuisse,
985 4285 1048 4338 quoa
1063 4267 1112 4337 ipsi
1128 4283 1178 4319 aea
1191 4281 1237 4319 aaa
1248 4279 1311 4317 roes
1323 4265 1368 4317 sed
1380 4264 1465 4334 populi

302 4355 421 4425 suffragio
434 4365 563 4422 crearent,
581 4356 670 4411 relect.
705 4356 843 4410 Sedsieati
854 4354 953 4409 daliuas
965 4363 1019 4422 ost,
1035 4370 1068 4409 aa
1080 4353 1187 4409 Roaaals
1203 4359 1231 4406 et
1242 4349 1323 4406 Nassa
1334 4350 1465 4419 cessasti·
1527 4380 1530 4387 ·

301 4443 348 4497 bus
360 4444 487 4514 Quaestor
498 4445 584 4510 luerit,
601 4446 637 4498 ita
647 4441 724 4498 'l'nllo
735 4443 844 4496 llostilio
856 4457 916 4510 reas
928 4443 1086 4513 Questorea
1097 4442 1177 4497 laissa
1188 4447 1286 4493 secta·
1297 4447 1346 4491 est„
1381 4438 1465 4492 Saue

302 4531 451 4585 crebrior
471 4534 551 4603 apud
573 4539 705 4585 veteres
727 4528 831 4598 opinio
852 4536 914 4594 eat,
942 4527 1068 4585 Tallara
1091 4527 1263 4584 llestiliaat
1286 4525 1464 4596 primatia

302 4618 539 4688 rempublicam
556 4617 722 4672 induisse
740 4615 964 4685 Qaaeatorw‘

371 4705 414 4774 ιτ)
431 4703 573 4772 uerae
