3792 5609
989 731 1052 796 303

443 937 476 992 ut
488 925 525 988 de
539 919 726 988 enundando
741 922 807 984 loeo
823 919 975 1000 cogitaret
995 919 1049 983 list
1059 921 1138 984 enim
1150 938 1212 985 non
1223 921 1384 986 admodum
1395 922 1538 988 dissimile
1548 921 1608 985 Ιιοο

441 1047 534 1110 genus
545 1024 747 1090 anacolutbiae
759 1022 796 1096 ei,
812 1041 900 1105 quam
914 1023 1112 1100 llcnnannus,
1128 1023 1173 1086 cir
1183 1043 1333 1101 sonamus,
1349 1026 1450 1090 inesse
1461 1025 1609 1090 statuebat

441 1130 470 1193 in
491 1127 650 1193 notissimo
672 1125 829 1208 Sophoclis
849 1127 994 1187 versiculo
1014 1117 1102 1190 τέκν’
1122 1116 1154 1190 εὶ
1172 1119 1306 1213 φανέντ’
1326 1118 1457 1191 delecte
1474 1121 1608 1214 μνγκάνω

439 1225 550 1316 λόγον,
571 1231 617 1294 cui
638 1230 825 1294 excusandae
845 1246 935 1310 quacum
957 1228 1003 1291 ille
1018 1226 1165 1290 rationem
1180 1229 1337 1293 adhibebat
1351 1231 1480 1310 Oprrsce.
1495 1214 1569 1292 tout
1584 1228 1607 1291 Ι.

441 1357 470 1418 p.
486 1335 565 1412 203,
583 1333 708 1396 eandem
729 1330 836 1394 rectius
853 1331 959 1412 siliquis
973 1340 1003 1393 et
1016 1329 1086 1394 lucie
1101 1339 1206 1392 neutro
1221 1331 1288 1393 loco
1303 1339 1334 1393 et
1348 1331 1412 1396 aliis
1427 1332 1607 1414 quilrusdam

442 1438 520 1522 aliud
535 1435 766 1519 Aristophanem
782 1433 914 1497 adhiberi
929 1452 1021 1515 posse
1037 1433 1151 1506 dixerit,
1166 1434 1246 1496 uelut
1260 1433 1343 1498 huie:

644 1572 687 1592 -·
701 1572 744 1586 -
757 1528 843 1602 άλλά
858 1528 899 1599 τά
913 1529 1078 1622 στρόφιον
1090 1530 1195 1600 Aedis

645 1635 689 1706 τά
703 1632 811 1726 κάρτα
823 1631 1046 1722 μοι’·ξέπιπττ.

443 1756 493 1812 aut
507 1745 592 1812 huim

646 1842 818 1931 μόλυβδον
831 1839 867 1924 ἐς
879 1839 975 1909 rocci
989 1839 1029 1907 τὸ
1042 1840 1156 1907 κοῖλον
1169 1837 1293 1928 ἐγχέας,

648 1940 759 2018 ἔπτατ’
774 1939 908 2014 chono
921 1941 1048 2032 ῥάβδον
1061 1939 1176 2024 ἐνθεὶς
1189 1939 1395 2034 ὑπόμακρον,

649 2045 822 2142 γενρόεταλ
836 2071 892 2118 σοι
914 2048 981 2117 τῶν
994 2047 1167 2116 κατακτῶν
1180 2045 1362 2134 κοττάβων.

533 2159 643 2224 Nostro
658 2167 759 2222 nartem
772 2156 838 2220 loco
854 2174 913 2239 epm
927 2153 1122 2218 excusabilior
1141 2154 1181 2216 sit
1194 2155 1380 2219 anacolutbia
1398 2153 1510 2216 aceedit
1524 2151 1612 2216 etiam

448 2267 515 2340 hoc,
530 2265 610 2346 ‹prrod
626 2263 752 2326 alterum
766 2278 897 2334 uersum,
913 2249 1043 2341 αἴροιεν
1057 2250 1221 2341 πελαγίαν
1233 2249 1319 2344 ὗπέρ
1334 2251 1458 2332 πλάκα,
1474 2264 1569 2320 totum
1580 2265 1614 2320 ut

449 2381 495 2432 cst
514 2363 712 2448 ex'tcagoedia
729 2365 823 2446 reliqua
840 2361 999 2444 Euripiden
1014 2361 1205 2445 desumptum
1220 2361 1436 2444 Aristophanes
1453 2359 1615 2424 insecuisse
1647 2367 1654 2381 ‘

451 2473 572 2536 violetur.
598 2503 642 2518 ·-
667 2466 778 2531 Deinde.
801 2475 900 2530 autern
921 2465 991 2528 itud
1012 2464 1120 2528 ruinam
1141 2466 1221 2548 «prod
1242 2465 1333 2529 scribi
1353 2465 1414 2528 uult
1436 2454 1560 2547 (ἄραιτ’
1580 2455 1616 2526 ἓν

450 2565 552 2660 cipp,
571 2573 627 2636 hae
645 2571 755 2635 scilicet
776 2578 939 2634 structura:
960 2559 997 2633 εἴ
1011 2589 1065 2644 τις
1084 2558 1210 2652 αἴροιτ’
1229 2560 1266 2632 ἕν
1279 2559 1373 2654 adep.
1404 2568 1514 2631 l'ellem
1528 2567 1616 2650 plane

450 2677 574 2741 dixisset
598 2673 670 2759 quaid
695 2677 753 2738 laos·
772 2673 965 2756 signiticaret:
997 2690 1078 2736 naarre
1096 2672 1177 2736 enirn
1197 2671 1343 2756 strspicari
1363 2672 1492 2736 luctasse
1510 2669 1615 2752 aliquis

452 2780 548 2862 pacissit
566 2779 622 2842 bat
663 2776 727 2840 eius
747 2786 876 2840 mentem
898 2775 1005 2850 scrisse,
1026 2767 1237 2861 οιοάρεοθαι
1251 2766 1545 2861 rescissionem
1559 2773 1617 2836 dici

452 2884 598 2955 occulccut,
614 2899 665 2962 qur
681 2898 786 2943 nrumu
802 2877 895 2940 scoth
911 2876 1062 2940 [retundam
1078 2877 1257 2959 pocrrrittaut.
1287 2877 1346 2940 Sed
1361 2878 1496 2959 corridum
1513 2875 1619 2939 aurelius

379 3059 382 3066 ¹
451 2984 488 3047 de
503 2983 565 3044 ciro
581 2981 755 3044 doctissimo
771 2979 880 3054 iudico,
895 2989 924 3042 et
938 2978 1016 3042 lrarre
1030 2979 1129 3060 potorius
1143 2979 1170 3042 ei
1184 2977 1361 3041 senitentiam
1373 2976 1429 3040 loci
1445 2976 1539 3041 risam
1551 2999 1620 3040 osse

451 3085 594 3150 arbitror:
616 3085 647 3148 si
668 3085 748 3166 claris
763 3083 982 3149 Cleoccituua
1003 3079 1307 3172 staveren-einestae
1325 3079 1489 3145 liburnae
1510 3082 1621 3145 adue·

450 3207 529 3254 raru
551 3187 772 3253 conscendat
793 3195 973 3267 ventoque
995 3185 1155 3250 seeundo
1176 3187 1359 3249 auferatur
1380 3202 1490 3266 super
1510 3184 1621 3249 uraris

451 3311 602 3376 aequor:
634 3291 665 3354 in
690 3310 749 3372 epm
772 3289 969 3372 eradicatione
993 3288 1063 3351 illud
1089 3307 1184 3352 uuum
1204 3290 1395 3370 sagacitatem
1420 3287 1485 3350 eius
1509 3289 1622 3370 fugisse

450 3399 577 3471 ciclctur,
592 3385 755 3482 αἴρεσθαι
769 3387 805 3458 ἕν
818 3383 903 3479 οἷῖρτγ
917 3384 1082 3476 πελαγίαν
1091 3383 1176 3474 ὑπὲρ
1188 3387 1303 3456 πλάκα
1312 3411 1374 3456 οοο
1387 3413 1440 3454 eos
1452 3390 1510 3454 diei
1520 3412 1623 3474 posse,

415 3513 434 3564 s
454 3500 504 3583 qui
528 3499 605 3565 maci
628 3498 791 3571 uehuntur,
817 3496 872 3560 sed
896 3495 947 3578 uui
973 3496 1004 3559 iu
1022 3515 1090 3559 aero
1107 3495 1251 3558 subtimes
1270 3515 1363 3580 super
1381 3515 1462 3559 nrare
1481 3498 1622 3561 locentur.

455 3603 529 3666 Nolo
551 3621 642 3686 γοντα
663 3601 822 3664 mbilicum
844 3600 913 3664 illud
935 3609 1138 3663 consumatum
1159 3598 1308 3663 curiosius
1327 3599 1474 3680 exagitare
1493 3600 1532 3663 de
1550 3618 1624 3664 reare

455 3705 570 3781 ludica,
598 3703 854 3788 praestantissima
881 3702 992 3766 scilicet
1011 3703 1057 3766 illa
1076 3713 1106 3766 et
1124 3702 1155 3765 iu
1174 3721 1234 3784 qua
1253 3720 1313 3766 una
1331 3703 1489 3766 discrimen
1509 3721 1626 3786 pugrme

456 3809 594 3891 salusque
612 3807 654 3872 cei
669 3808 802 3892 puldicae
817 3805 945 3871 umxime
959 3817 1136 3882 cnorum,
1157 3808 1211 3871 scd
1227 3805 1267 3870 ita
1281 3814 1383 3870 tanum
1398 3807 1438 3870 ob
1454 3806 1625 3888 grauitatem
1648 3867 1651 3871 ,

459 3912 586 3988 inhabili,
601 3921 634 3976 ut
648 3912 778 3976 rerrradeo
791 3909 867 3975 trahi
878 3911 914 3974 acl
926 3911 1028 3974 nasale
1037 3910 1185 3994 proelium
1196 3910 1330 3974 debereta
1344 3928 1441 3993 noluo
1452 3911 1522 3974 illud
1533 3931 1626 3994 quae·

459 4033 521 4077 ram
542 4014 622 4078 urrde
640 4025 792 4096 acceptum
812 4014 919 4078 habeat
933 4013 970 4077 de
989 4013 1145 4079 liburnis
1164 4014 1401 4091 Atheniensium,
1421 4023 1473 4078 aut
1487 4014 1555 4096 quis
1569 4032 1628 4079 un·

460 4133 549 4196 urtam
563 4109 796 4200 λπτερωκνῖαν,
811 4115 873 4180 sice
887 4116 956 4200 quis
971 4116 1053 4180 ruralit
1067 4109 1304 4203 decrescentem,
1320 4135 1425 4181 narem
1436 4115 1628 4198 dixeritquao

464 4215 593 4280 ceroulco
609 4217 752 4295 trahatur,
764 4226 793 4282 et
803 4215 947 4302 πτεροῦν
957 4237 1013 4300 prro
1025 4215 1233 4301 ρνμονλκτῒνε
1246 4237 1322 4300 quas
1332 4219 1522 4300 loquutiones
1534 4237 1628 4300 eperum

462 4327 550 4380 notas
569 4337 637 4380 esse
656 4318 747 4394 oliuu,
768 4331 889 4402 apparet
904 4322 1041 4402 praelecto
1056 4320 1115 4405 ipsi
1129 4321 1189 4384 citu
1203 4339 1305 4385 earum
1320 4329 1381 4384 tam
1396 4319 1511 4401 egregie
1525 4330 1630 4384 nuttam

462 4435 545 4492 esse,
563 4437 652 4498 quam
666 4421 746 4483 cer-hi
761 4415 914 4508 γράφειν,
934 4423 972 4484 de
986 4439 1046 4503 quo
1062 4442 1131 4486 euru
1147 4421 1341 4486 suluitissime
1351 4421 1510 4504 aliquando
1525 4432 1629 4486 eontra

463 4518 717 4585 llemstcrlmsium
737 4523 888 4604 disputare
904 4523 1037 4588 memini.
1077 4523 1179 4588 Alissis
1198 4523 1288 4606 igitur
1306 4523 1354 4588 bis
1373 4523 1540 4606 quisquiliis
1559 4525 1630 4588 illud

464 4620 565 4703 potius
580 4641 674 4688 unum
688 4643 878 4705 qaammmus,
893 4626 964 4707 quid
980 4626 1097 4690 tandem
1112 4627 1152 4691 sit
1165 4645 1219 4691 eur
1232 4627 1369 4710 priorum
1384 4625 1579 4708 interpretum
1593 4626 1631 4690 de

461 4722 522 4791 hoe
537 4723 606 4790 loeo
625 4725 804 4792 senentiam
816 4727 967 4794 terendam
981 4747 1050 4795 osso
1062 4741 1158 4814 neget
1199 4729 1338 4799 videlieet
1350 4727 1485 4816 displicet
1498 4729 1527 4796 ei
1539 4729 1629 4797 cehe·
