3792 5609
942 820 1004 885 ¹72

391 1012 493 1095 patim
507 1007 769 1071 demonstrandum
784 1018 860 1084 erat,
878 1028 939 1073 non
956 1010 1047 1076 tuisse·
1061 1020 1129 1075 anta
1144 1010 1294 1075 Tlusoum
1309 1012 1396 1075 telam
1412 1008 1558 1093 phratria-

392 1133 460 1176 rum
480 1108 680 1174 conditionem
699 1130 774 1191 qnae
799 1130 868 1175 eum
893 1115 1064 1198 municipiis
1085 1113 1249 1197 comparari
1269 1122 1380 1195 posset.
1413 1112 1559 1177 Nimirum

392 1213 492 1276 uetanis
506 1214 579 1275 liaeo
592 1214 774 1295 eorarpmratio
793 1215 824 1278 iu
842 1236 880 1278 oo
899 1218 1035 1292 uertitur,
1054 1219 1135 1300 qtraorl
1154 1217 1222 1299 quis
1242 1235 1303 1280 non
1323 1216 1411 1281 unius
1430 1226 1560 1280 tantum·

392 1317 485 1379 memo
499 1316 583 1379 urbis
598 1316 671 1380 ciris
685 1336 752 1379 osso
766 1318 873 1382 elicitur
887 1320 951 1383 eins
966 1340 1054 1403 optram
1069 1321 1231 1384 naturalem
1245 1320 1366 1402 patriam
1379 1320 1476 1393 habat,
1492 1320 1521 1383 la.
1535 1339 1560 1382 e.

391 1420 423 1482 in
439 1438 495 1501 qua
514 1428 601 1483 natus
621 1429 667 1482 est
685 1429 714 1483 ot
734 1421 822 1485 sitam
841 1423 935 1503 elegit,
956 1422 1008 1486 soal
1027 1423 1265 1497 attumulatus,
1286 1422 1370 1487 auitos
1386 1441 1453 1487 eum
1468 1422 1561 1504 patria

391 1543 447 1587 sua
466 1523 539 1586 urbo
559 1523 775 1587 eerrauuuaieata
793 1536 839 1589 est
858 1526 972 1599 ciuitas,
997 1526 1249 1607 quaemadmodum
1267 1526 1426 1589 Tusculani
1446 1546 1473 1587 r.
1489 1545 1514 1588 c
1533 1534 1563 1587 ot

392 1627 518 1690 Tusculi
538 1626 616 1690 eires
639 1635 722 1689 erant
745 1637 903 1711 propteroa
926 1630 1007 1711 qnod
1035 1627 1073 1692 ilri
1099 1630 1155 1691 orti
1180 1638 1276 1703 orant,
1302 1638 1332 1691 ot
1350 1628 1462 1691 llontaa
1480 1627 1563 1691 urlria

392 1739 519 1813 prmum
537 1730 786 1794 urratraunioatam
805 1751 874 1795 utra
895 1732 1072 1796 Tusculanis
1097 1732 1240 1796 ciuitatem
1260 1732 1434 1795 Romanam.
1469 1732 1564 1812 litque

393 1834 453 1896 ltere
468 1833 533 1915 ipso
548 1833 675 1895 Orellius
689 1843 769 1898 rocta
784 1836 950 1917 perunxit,
966 1856 1058 1918 qurum
1075 1844 1223 1909 ..uetuer‘
1240 1834 1334 1916 iaqatit
1349 1833 1421 1909 „bie
1436 1836 1561 1915 repm‘rr'-
1634 1818 1636 1823 ’

396 1948 467 2000 tur:
500 1948 583 2010 ,mut
602 1940 693 2000 uestri
707 1938 794 2001 Attico·
812 1950 879 2002 oute
902 1938 1038 2003 Theseum
1058 1940 1242 2022 siupulonou
1262 1939 1369 2001 Atticae
1390 1937 1566 2019 oppidorum

395 2043 586 2119 vicorumque
602 2043 679 2101 ciues
694 2036 859 2117 (πολῖται)
873 2052 972 2116 eraut.
992 2062 1019 2104 o.
1036 2042 1247 2114 assertiones,
1267 2039 1464 2111 ttarutoan’,
1485 2037 1565 2101 uta-

398 2143 518 2212 usuuu'i,
533 2140 685 2211 Eleusluit
699 2142 841 2224 starentque
852 2142 1035 2206 Arbeuieuses
1047 2162 1071 2205 s.
1084 2143 1192 2206 Atticae
1205 2147 1362 2205 ureioersoe
1377 2144 1461 2213 cloes,
1477 2159 1567 2222 protom

398 2244 487 2305 iidem
502 2262 581 2304 uuae
596 2245 672 2306 o'oes
691 2240 854 2323 (nobiter)
874 2249 932 2306 out
947 2244 1129 2309 Atbmieuses
1148 2246 1315 2315 alaomtaxat,
1336 2234 1481 2329 δημόται
1496 2259 1566 2303 uero

398 2348 448 2405 sut
465 2346 585 2425 quisque
603 2337 769 2428 δήμω-,Μ
802 2344 966 2409 Vieloulum
991 2346 1080 2427 igitur
1102 2346 1191 2409 nuliis
1215 2346 1273 2408 lroe
1295 2362 1387 2407 tantem
1412 2353 1470 2415 est,
1494 2360 1566 2404 num

400 2450 478 2507 torte
503 2444 584 2525 rpuml
609 2444 734 2508 Orellius
759 2444 796 2507 ele
818 2445 942 2527 singulis
962 2448 1072 2511 Atticae
1097 2446 1215 2529 oppidis
1239 2446 1369 2527 uirisque
1394 2443 1506 2519 statuit,
1532 2442 1568 2505 tle

400 2546 541 2627 potarauiia
555 2554 654 2608 autom
674 2556 774 2627 nogat,
793 2563 855 2609 non
876 2548 981 2609 eoelern
1001 2558 1050 2611 aut
1069 2548 1155 2611 etiam
1176 2548 1286 2611 maiora
1305 2548 1367 2610 iure
1386 2546 1422 2609 ale
1441 2544 1568 2635 antiquis

401 2658 470 2711 ante
489 2648 638 2711 Theseum
656 2648 795 2730 phratriis
814 2649 902 2712 statui
922 2650 1027 2730 possit.
1061 2649 1255 2714 Goereneium
1275 2649 1394 2733 attidem
1414 2647 1439 2710 si
1459 2648 1568 2720 aredius,

403 2772 451 2815 res
466 2750 544 2814 lraml
561 2749 650 2812 tlulria
664 2770 731 2813 esse
746 2751 886 2815 rideatur.
916 2752 971 2816 llie
985 2754 1063 2817 enirn
1078 2746 1292 2840 ,,φράτορες“,
1308 2751 1417 2833 inquit,
1438 2768 1501 2823 „eo
1516 2748 1569 2812 Ce-

403 2858 501 2937 cropis
514 2852 557 2929 ΙΙ,
572 2854 758 2927 attrabitur,
772 2858 901 2918 iustituto
916 2858 940 2917 u·
953 2854 1125 2919 dicebamur
1139 2854 1243 2939 petbus
1257 2856 1419 2917 cooumum's
1432 2856 1462 2915 iu
1478 2852 1570 2915 Attica
1650 2888 1652 2893 ·

403 2970 486 3022 terro
499 2958 688 3020 babitato'ouio
701 2956 798 3033 locus,
819 2962 986 3021 eommunia
1004 2978 1092 3023 soora
1107 2971 1134 3024 et
1147 2960 1256 3023 laodicia
1272 2976 1491 3039 coeamuuespue
1505 2974 1571 3019 oua·

403 3064 544 3143 abstrusus
561 3072 661 3125 essem.
694 3058 772 3125 ilinc
790 3060 901 3125 Polluo
916 3061 1021 3125 Orsoua.
1036 3060 1086 3124 m
1104 3064 1174 3139 §bt
1200 3053 1335 3149 φράτωρ
1357 3051 1376 3125 ὁ
1399 3054 1467 3142 μετ’
1490 3053 1573 3141 ἐμοῦ

406 3158 675 3251 δημοτευόμενος.
702 3168 741 3247 es.
760 3168 878 3228 omuino
894 3163 1070 3228 barrabaelu'i
1082 3162 1337 3245 Arcboeolopo'sclre
1354 3162 1573 3226 Usuersucbuu-

404 3289 458 3350 peu
471 3288 503 3351 p.
522 3269 582 3331 too
595 3288 655 3351 sqq.
685 3266 842 3332 Habebam
855 3271 946 3351 ipitur
961 3278 1027 3331 oute
1044 3266 1179 3331 Tbeseum
1196 3259 1361 3355 φράτορες
1374 3265 1431 3329 soli
1440 3268 1573 3348 patriam

406 3374 591 3435 oromatum·
604 3374 729 3435 eioo'tatls
739 3375 842 3454 patrio
860 3375 1033 3448 seiunctam,
1052 3376 1072 3436 i.
1088 3359 1225 3435 esloema
1240 3389 1315 3446 esem,
1333 3389 1417 3453 quem
1436 3372 1467 3432 iu
1483 3370 1574 3433 Attico

373 3482 389 3533 τι
409 3478 530 3539 seorsim
544 3495 564 3537 o
578 3474 699 3560 reliquie
711 3476 811 3541 Atticis
824 3478 942 3539 vicatim
957 3476 1130 3540 ireeolebaut.
1165 3474 1213 3539 lia
1229 3494 1285 3559 pua
1300 3493 1370 3538 oero
1388 3471 1412 3536 T
1410 3472 1510 3536 lesem
1524 3473 1575 3536 ,tt-

408 3584 480 3643 u’eos
493 3598 592 3643 amoueo
606 3582 638 3642 lu
653 3591 719 3643 astu
734 3582 929 3653 tradatoisset,
943 3580 990 3643 lu's
1003 3580 1103 3644 eodem
1115 3580 1217 3662 patrio
1229 3580 1312 3662 [aeto
1326 3587 1367 3641 est
1381 3587 1409 3640 et
1421 3576 1478 3640 soli
1490 3586 1516 3638 et
1532 3576 1574 3637 ei·

410 3684 507 3745 vitatis
522 3682 692 3753 ‚Arbouaer‘
722 3686 760 3747 m
775 3684 847 3747 lraee
861 3682 976 3746 etiamsi
990 3682 1056 3764 ipsa
1070 3700 1133 3745 non
1148 3682 1317 3758 salussam,
1334 3678 1514 3761 argumentis
1531 3688 1575 3741 ta·

412 3802 480 3846 rnen
494 3806 512 3847 a
525 3786 687 3849 Goerenzio
706 3786 829 3869 prolatis
849 3802 1030 3869 magnopere
1048 3802 1185 3847 veremur
1198 3793 1231 3847 ut
1245 3784 1402 3866 quisquam
1418 3782 1507 3845 tilam
1523 3782 1576 3845 lta·

413 3885 482 3947 bere
494 3886 571 3950 uelit.
598 3887 673 3952 Nara
692 3890 771 3971 quoa
791 3908 808 3953 a
828 3888 972 3971 Cecrope,
992 3886 1097 3951 sireis
1116 3887 1232 3969 primus
1252 3887 1320 3963 luit,
1339 3883 1578 3957 ansemundus,

413 3988 560 4069 phratrias
574 3991 722 4055 institutas
736 4012 803 4056 esse
817 4002 927 4066 namt,
941 4010 997 4074 pro
1014 4001 1095 4055 certo
1109 3991 1195 4072 ponit
1207 3989 1237 4053 id
1250 3990 1348 4071 ipsum
1360 3987 1439 4071 quod
1451 3986 1577 4049 clemon-

414 4091 500 4154 otrari
518 4092 652 4168 ‹leli-luat,
671 4112 733 4158 non
753 4095 883 4159 diuersas
903 4094 994 4158 tuisse
1013 4092 1160 4175 pluatrias
1180 4110 1196 4156 a
1216 4090 1371 4156 tluoaleeim
1391 4088 1447 4153 illis
1468 4087 1579 4151 Atticae

414 4187 549 4269 πόλεσι,
572 4210 696 4277 quarum
715 4198 898 4261 conditorem
919 4198 1082 4277 Cecropem
1102 4192 1216 4257 tabulae
1236 4190 1416 4269 serebanttl.
1450 4187 1580 4253 Pollucis

416 4294 515 4358 loetum
533 4296 606 4359 nihil
625 4296 662 4360 etl
680 4316 743 4361 rem
761 4298 909 4381 pertinere
927 4297 1049 4381 qtaililset
1068 4294 1206 4378 intelliget
1225 4295 1275 4377 qui
1295 4302 1390 4358 toturn
1409 4289 1579 4374 perlegerit:

417 4396 491 4461 nilail
509 4398 588 4461 enim
607 4398 648 4462 ibi
665 4400 722 4463 nisi
740 4404 818 4468 soria
841 4402 1083 4469 coniunctionum
1103 4410 1132 4465 et
1155 4400 1329 4464 soeietatum
1348 4394 1425 4457 inter
1443 4390 1580 4456 homines

419 4500 558 4565 voeabula
581 4515 807 4583 sumerentur,
838 4498 982 4585 οἰκεῖος,
1013 4496 1174 4596 φυλέτης,
1205 4492 1360 4590 (poprium,
1391 4486 1466 4581 μετ’
1497 4488 1581 4578 ἐμοῦ

418 4597 629 4692 φρατριόζων
660 4600 718 4672 aul
748 4600 822 4692 μετ’
841 4602 924 4695 ἐμοῦ
950 4600 1222 4699 ὀημοτευόμοοος.
1262 4600 1362 4680 Quot
1398 4600 1479 4686 quod
1509 4600 1583 4664 haec

421 4746 720 4759 muno—-

489 4833 514 4902 ι)
530 4832 966 4900 erasme-‚sunere
