3792 5609
1004 669 1063 733 168

932 758 1000 769 -ι
1033 754 1137 766 ..—

451 860 573 925 Graecis
594 858 761 920 innotuisse
774 858 900 931 dicatur,
915 856 970 918 sed
986 854 1074 918 etiam
1090 854 1169 935 qued
1185 852 1330 937 Cecrops,
1346 855 1541 931 Erechtheus,
1562 856 1619 919 Pe·

454 974 518 1025 tens
542 980 598 1042 pro
614 958 765 1040 Aegyptiis
789 958 879 1022 hahiti
900 958 974 1020 sint:
1001 956 1125 1020 subesse
1144 957 1223 1020 euim
1244 958 1403 1021 obscuram
1424 960 1570 1041 ‹quandam
1591 966 1622 1020 et

452 1066 608 1126 warlusam
633 1062 806 1123 roeomriam
831 1059 1082 1123 commerciorum
1108 1060 1185 1124 inter
1207 1060 1295 1123 lones
1320 1060 1386 1123 illos
1411 1060 1619 1143 Aegyptiorum

451 1165 567 1228 accolas
577 1171 605 1223 et
617 1164 746 1227 Graecos
757 1163 946 1246 Europaeos:
962 1161 1091 1243 itemque
1102 1162 1225 1245 Aegypti
1237 1162 1302 1226 illos
1315 1162 1526 1246 quinquaginta
1536 1162 1622 1238 filies,

453 1268 504 1347 qui
534 1267 669 1330 Danaum
693 1276 832 1348 patruum
857 1266 888 1328 io
913 1266 1156 1347 Peloponnesum
1183 1266 1355 1349 persequuti
1384 1286 1451 1331 esse
1476 1268 1622 1341 dicuntur,

451 1370 540 1433 lones
562 1369 655 1433 tuisse
674 1390 710 1431 ex
725 1371 855 1452 hegypto
876 1369 1030 1445 advectos,
1051 1388 1204 1453 quumque
1223 1388 1255 1433 re
1274 1388 1342 1435 vera
1357 1388 1474 1448 eorum,
1494 1370 1530 1435 ad
1545 1388 1623 1453 quos

454 1484 612 1549 retrenmt,
638 1472 755 1553 cognati
775 1482 888 1547 essent,
914 1482 1018 1556 postea
1040 1482 1138 1537 tanuen
1157 1472 1280 1556 procliui
1300 1484 1329 1537 et
1345 1474 1502 1539 excusabili
1523 1492 1624 1538 errore

453 1596 510 1659 pro
525 1576 660 1640 barbaris
670 1576 818 1659 Aegyptiis
832 1576 950 1641 habitos
966 1596 1041 1641 esse.
1064 1576 1165 1659 Neque
1180 1596 1250 1639 uero
1266 1595 1335 1640 cum
1346 1577 1494 1661 Aegyptiis
1509 1586 1623 1641 tantum

453 1681 541 1743 lones
561 1682 705 1743 consumes
719 1700 801 1754 esse,
822 1681 875 1743 sed
890 1681 980 1744 etiam
996 1699 1063 1744 cum
1079 1678 1292 1757 Phoenicibus,
1306 1690 1336 1743 et
1351 1700 1427 1764 quae
1441 1680 1623 1746 Phoenicum

454 1784 526 1847 olim
542 1782 677 1846 coloniae
698 1782 728 1846 iu
748 1783 898 1847 Graeciam
919 1786 1062 1849 deductae
1080 1802 1148 1847 esse
1169 1794 1341 1859 narrantur,
1364 1786 1470 1849 lonum
1491 1783 1625 1847 colonias

455 1887 564 1963 luisse,
590 1888 750 1950 intimorum
774 1888 901 1951 sortasse
925 1905 995 1951 cum
1019 1886 1105 1951 ricini
1128 1888 1237 1951 littoris
1258 1888 1369 1972 Syriaci
1390 1887 1519 1971 populis.
1564 1886 1627 1950 llac

455 1992 570 2054 ratione
585 1991 672 2072 igitur
686 2001 713 2054 et
728 1990 765 2053 iis
780 1991 852 2053 satis
869 1992 931 2055 lteri
947 2012 1052 2075 posse,
1072 1991 1124 2074 qui
1139 2011 1208 2055 eum
1223 1992 1258 2056 0.
1274 1993 1448 2057 hluellero
1464 1990 1625 2064 ciuitatum,

456 2094 647 2175 religionum,
674 2094 876 2157 institutorum
902 2096 1084 2160 Graeeonuu
1110 2094 1239 2177 origines
1265 2116 1282 2159 a
1308 2095 1442 2159 botharis
1463 2093 1556 2177 repeti
1578 2092 1625 2156 in·
1656 2100 1658 2103 ’

456 2198 626 2278 dignemur,
641 2205 669 2260 et
685 2197 730 2272 iis,
744 2196 794 2279 qui
810 2209 908 2262 tamen
923 2199 1050 2281 plurima
1065 2218 1099 2261 ex
1115 2198 1228 2262 oriente
1239 2198 1276 2263 ad
1291 2199 1419 2263 Graecos
1435 2216 1626 2282 penmnasse

456 2318 519 2363 non
538 2300 656 2383 possint
674 2319 737 2364 uon
755 2320 924 2383 agnoscere.
959 2305 1054 2385 Atque
1069 2302 1099 2364 in
1114 2302 1162 2365 his
1177 2302 1297 2383 quidem
1313 2320 1367 2385 ege
1382 2318 1501 2384 quoquc
1514 2316 1625 2363 nortaen

457 2422 557 2465 arietum
582 2405 738 2484 profiteor:
770 2404 878 2486 quodsi
904 2404 1082 2488 Pecropem,
1114 2404 1259 2468 Cadmum
1285 2403 1417 2485 aliosque
1443 2402 1626 2467 coloniarum

456 2507 595 2569 allectores
620 2507 707 2589 plane
732 2508 769 2570 ad
796 2507 908 2572 fabulas
928 2508 1087 2572 amandare
1107 2508 1191 2572 netas
1211 2508 1265 2583 sit,
1292 2507 1379 2571 lones
1401 2506 1466 2570 illos
1485 2505 1626 2571 libentius

456 2628 546 2690 quam
559 2608 723 2673 Phoenices
738 2620 789 2675 aut
800 2612 960 2695 Aegyptios
975 2612 1126 2695 accipiam.
1149 2610 1358 2675 Verumtamen
1369 2610 1479 2674 horum
1491 2610 1626 2693 ipsorum

458 2712 563 2777 lomma
583 2715 665 2777 valde
685 2713 826 2778 incertam
846 2725 876 2779 et
894 2716 1062 2799 ambiguam
1082 2714 1236 2779 notionem
1256 2734 1324 2778 esse
1339 2714 1438 2791 rideo,
1465 2713 1490 2777 si
1508 2712 1627 2795 quidem

458 2836 575 2892 «annues,
591 2816 771 2901 quicumque
786 2818 949 2902 antiquitus
966 2820 1053 2883 hsiae
1068 2818 1193 2882 minoris
1209 2836 1295 2881 oram
1310 2816 1493 2893 insederant,
1512 2815 1627 2900 promi-

457 2941 529 2984 scue
545 2921 593 2984 illo
608 2922 730 2985 noniine
745 2924 882 3005 appellati
898 2933 978 2995 sunt,
992 2922 1245 3006 quemadmodum
1260 2920 1360 2995 hodie,
1376 2922 1426 3004 qui
1441 2942 1477 2985 ea
1489 2920 1628 2985 occiden-

459 3024 564 3087 talihns
584 3024 697 3088 nostris
712 3025 884 3107 regionibus
899 3027 930 3090 in
945 3027 1089 3091 orientem
1106 3024 1241 3099 veniunt,
1261 3042 1322 3088 uno
1338 3024 1490 3089 communi
1504 3023 1628 3087 nomine

457 3127 563 3189 l'ranei
580 3128 779 3209 appellantur,
796 3128 878 3192 nullo
889 3130 1044 3193 nationum
1057 3127 1228 3192 discrimine
1239 3128 1406 3193 observato.
1434 3127 1510 3191 Nam
1528 3135 1561 3191 ut
1576 3128 1629 3191 ali·

459 3231 529 3313 quid
542 3234 730 3315 cognationis
744 3234 821 3298 inter
836 3235 900 3298 illos
915 3233 1043 3297 hsianos
1060 3230 1273 3307 intercesserit,
1286 3248 1349 3294 non
1365 3240 1463 3295 tamen
1479 3238 1556 3294 certe
1570 3248 1629 3295 una

459 3334 595 3399 eternium
614 3336 696 3400 natio
712 3338 781 3413 luit,
801 3355 900 3420 neque
914 3336 1021 3399 eodem
1036 3354 1142 3399 onmes
1157 3335 1249 3399 modo
1265 3354 1333 3398 enm
1349 3334 1530 3399 Graecorum
1545 3342 1631 3415 gente

462 3438 588 3518 congnati.
624 3440 756 3505 Fuerunt
770 3440 849 3505 onim
865 3441 896 3505 in
911 3439 967 3505 illis
983 3438 1107 3504 lenibus
1123 3438 1210 3502 etiam
1225 3436 1360 3520 Leleges,
1376 3454 1503 3521 qnorum
1519 3454 1630 3501 nomen

463 3539 532 3603 item
553 3543 721 3623 promiscue
736 3544 877 3609 onmibus
892 3544 972 3628 apud
988 3542 1117 3607 Graecos
1133 3540 1259 3605 inditum
1275 3562 1342 3606 esse
1355 3541 1491 3624 legimus,
1507 3541 1558 3623 qui
1574 3540 1632 3606 huc

411 3654 444 3707 ta
463 3663 499 3705 ex
513 3643 583 3707 hsia
600 3646 807 3712 adventassent
818 3652 887 3726 Μ),
907 3650 1028 3713 luerunt
1043 3648 1146 3721 Cares,
1168 3664 1298 3728 quorum
1312 3645 1382 3709 item
1398 3643 1544 3727 plurimos
1560 3645 1630 3708 olim

464 3764 557 3825 equum
580 3747 610 3809 in
629 3750 733 3831 hegaei
753 3752 844 3816 maris
863 3752 968 3816 insulis
992 3762 1054 3815 tum
1075 3750 1106 3813 in
1126 3748 1296 3814 continente
1317 3747 1439 3813 Graecia
1459 3746 1633 3811 consedisse

465 3856 595 3922 ⁰⁰¹¹⁸¹t¹it
614 3872 724 3934 rosque
743 3855 895 3938 Lydorum
911 3865 941 3920 et
960 3856 1111 3939 llpsorum
1127 3861 1270 3937 cognatos
1286 3850 1379 3917 luisse
1393 3851 1465 3915 hinc
1478 3849 1632 3933 colligitur,

466 3950 545 4029 quod
559 3949 630 4025 Car.
648 3953 747 4037 llpsus
762 3968 791 4022 et
804 3959 904 4042 Lydus
919 3962 1026 4025 tratres
1042 3957 1134 4022 luisse
1149 3957 1287 4021 dicuntur
1296 3961 1310 4001 ³
1319 3959 1365 4035 5);
1387 3973 1483 4038 neque
1498 3972 1570 4018 saue
1585 3952 1632 4017 in-

468 4052 604 4117 credibile
622 4067 681 4129 est,
701 4063 781 4142 quod
801 4063 921 4128 Curtius
941 4062 982 4128 ait
1000 4084 1031 4148 p.
1051 4062 1102 4139 ta,
1121 4062 1179 4126 hos
1198 4060 1241 4125 vel
1257 4058 1344 4125 Cares
1359 4058 1403 4123 rel
1417 4058 1504 4123 lones
1519 4057 1633 4141 passim

465 4173 534 4218 emo
544 4156 744 4225 Phoenicibus
758 4183 820 4230 non
834 4168 925 4232 modo
940 4168 1076 4233 locorum
1091 4164 1312 4251 propinquitate
1323 4162 1376 4227 sed
1388 4161 1477 4227 etiam
1488 4160 1634 4244 saugtdue

532 4342 576 4408 54)
602 4342 629 4396 ls
651 4344 762 4401 henot·
772 4352 864 4417 juneo
886 4353 967 4408 lelex
989 4348 1140 4426 autgerus
1156 4352 1237 4407 fuisse
1254 4350 1398 4416 dicebatur,
1413 4348 1490 4403 Pecs.
1502 4347 1547 4416 111,
1566 4350 1594 4416 1,
1610 4350 1633 4417 1,

465 4428 583 4496 ΛΜΝ·
596 4428 640 4494 ¹¹¹2
654 4430 694 4496 ¹⁰2
706 4432 731 4497 ³2
745 4433 775 4495 ¹3
788 4436 813 4487 itt
825 4436 932 4493 herile
943 4457 959 4492 e
972 4441 1095 4511 lapidibus
1107 4438 1287 4493 cheaulinus
1299 4445 1327 4491 et
1338 4435 1437 4505 Pyrrhe
1449 4434 1571 4488 mulcedo
1583 4434 1633 4487 orti

469 4513 964 4589 adeuntur,ttes0a.q.sn.s.m1
977 4543 1001 4596 p.
1014 4526 1073 4596 aaa,
1084 4526 1109 4580 n
1120 4526 1227 4581 neon·
1239 4523 1428 4590 romanus
1437 4520 1534 4581 uum
1544 4518 1577 4572 n
1587 4518 1633 4572 n·

466 4597 541 4651 venis
552 4614 609 4650 cn
621 4597 712 4653 meno
723 4601 845 4671 ιᾱνκιίι,
857 4605 942 4663 sust.
953 4610 992 4667 ΙΧ
1003 4628 1028 4682 p.
1040 4611 1100 4666 illl.

535 4682 580 4750 ts)
597 4682 691 4739 ilerd.
702 4684 723 4754 l,
736 4685 794 4741 ttt.
