3792 5609
747 745 776 754 ..
805 660 948 758 ..ΙΕ-

269 845 442 911 auctoritate
455 846 498 909 uti
513 853 638 928 pateat,
653 845 703 927 qui
719 848 797 928 apud
808 846 928 911 Festum
944 868 969 909 s.
984 867 1009 908 r.
1021 850 1163 928 patricios
1173 845 1214 908 ait
1224 865 1274 908 ear
1283 843 1431 928 appellen·

269 949 378 1024 salitur,
392 953 444 1033 qur·
455 967 534 1012 nunc
550 951 669 1030 ingenui
682 962 829 1014 reamur.
849 970 884 1013 rx
901 970 961 1032 quo
976 945 1048 1012 sa'ae
1063 960 1157 1031 patet,
1176 949 1267 1012 Cincii
1282 947 1427 1011 sententia

270 1053 363 1116 luisse
378 1052 528 1135 quoddam
545 1060 671 1133 tempus,
685 1071 776 1133 quum
793 1064 905 1134 praeter
920 1053 1060 1134 patricios
1075 1071 1163 1115 nemo
1178 1052 1325 1132 ingennus
1339 1061 1428 1113 esset

270 1155 377 1218 l'orum
393 1155 470 1219 cires
486 1165 556 1218 tunc
570 1155 667 1216 mdlos
682 1154 739 1218 nisi
755 1155 893 1236 patricios
909 1155 1002 1218 luisse
1016 1174 1054 1218 nr
1069 1156 1147 1217 trum
1159 1155 1277 1234 qnidam
1289 1153 1429 1216 statuisse

270 1255 454 1334 crediderim,
468 1274 563 1338 neque
578 1255 659 1319 aliter
673 1277 740 1319 emn
756 1258 793 1320 de
807 1257 978 1339 primordiis
989 1257 1113 1320 ciuitatis
1125 1257 1323 1337 ordinumque
1334 1255 1427 1337 nrirna

271 1359 455 1423 institutione
471 1358 602 1422 sensisse
617 1369 700 1441 pute,
719 1378 808 1440 quam
823 1369 945 1434 ceteros,
961 1380 1038 1440 quos
1053 1360 1162 1434 tirius,
1176 1359 1345 1440 lliorrrsius.
1358 1359 1427 1421 l'lu-

272 1462 390 1526 tarelrus
410 1471 545 1526 auctores
565 1462 683 1543 sequuti
698 1471 782 1536 sunt,
802 1481 837 1524 ex
856 1461 903 1524 illa
922 1481 1120 1525 convenarum
1136 1462 1271 1533 cellurio,
1286 1479 1375 1542 qoam
1390 1461 1427 1520 ad

271 1565 430 1630 Romulum
446 1563 624 1628 conduxisse
638 1567 715 1629 lanta
730 1563 848 1638 lerelrat,
863 1583 968 1626 ‹irrrnes
981 1569 1031 1646 qao·
1039 1577 1156 1647 petrem
1172 1569 1246 1627 ctera
1256 1574 1384 1646 parunt,
1399 1561 1428 1622 id
1523 1637 1530 1648 Ι

271 1679 316 1731 est
330 1669 405 1732 ortu
414 1669 494 1732 ultre
508 1686 596 1750 qoem
611 1671 749 1750 r'ngenrrar
764 1667 838 1746 (Lis.
851 1667 885 1743 X,
892 1667 921 1740 8,
932 1669 992 1745 tlt),
1006 1668 1154 1748 patricios,
1168 1667 1297 1748 reliquos
1311 1667 1428 1728 clientes

272 1781 322 1835 aut
337 1771 467 1852 nlelrelos
482 1772 575 1834 laetos
589 1791 665 1834 esse.
699 1768 787 1844 Quod
803 1779 901 1832 autem
917 1780 1034 1851 gratem
1049 1770 1268 1852 lrrlnreqdelrrii
1279 1777 1430 1850 negantur.

271 1893 458 1956 nequaquam
479 1883 600 1955 propter
618 1873 676 1936 hoc
695 1871 793 1954 ipsum
813 1873 901 1935 etiam
921 1873 951 1936 in
971 1873 1059 1937 curiis
1078 1875 1171 1936 tuisse
1188 1883 1347 1954 negantur.
1373 1872 1429 1934 nisi

273 1977 413 2055 vincatur,
427 1977 575 2041 nerrdnem
591 1975 680 2040 curiis
696 1975 822 2039 adscrilri
837 1977 979 2059 potuisse,
993 1977 1050 2040 uisi
1066 1977 1115 2060 qui
1131 1987 1246 2058 gentem
1259 1978 1386 2052 lmlrerct,
1401 1976 1428 2038 id

273 2082 354 2165 quad
370 2080 528 2148 adversarii
543 2082 757 2144 cantaminum
771 2081 905 2163 quidem,
921 2081 1046 2164 prostrare
1061 2092 1158 2145 antem
1173 2083 1253 2146 nullo
1270 2083 1359 2144 rrrrsdo
1374 2103 1430 2163 qro-

274 2196 401 2251 tuerunt.
442 2185 485 2251 Ne
507 2185 655 2250 Ciceronis
675 2185 792 2268 quidem
809 2196 901 2250 aetate
916 2187 1044 2268 quclreios
1059 2197 1174 2269 gentem
1189 2186 1338 2257 lnlmisse,
1359 2187 1388 2248 Ιι.
1403 2209 1429 2248 e.

274 2290 440 2373 gentilitatis
452 2290 515 2354 iure
527 2311 601 2354 usos
612 2311 687 2368 esse,
698 2302 819 2374 aqqiaret
829 2312 845 2354 e
857 2291 1056 2355 controversia
1069 2289 1430 2372 intertllaudiosorrtririos

273 2405 303 2458 et
317 2395 467 2460 Marcellos
489 2395 565 2472 (uc.
581 2396 618 2458 de
632 2403 706 2459 orat.
722 2395 743 2471 Ι,
761 2397 811 2471 39,
829 2397 867 2458 cl.
885 2392 1025 2459 dielmlrr.
1040 2397 1052 2459 l
1068 2417 1097 2477 p.
1111 2395 1206 2471 arar:
1224 2394 1315 2457 errriis
1336 2406 1431 2458 tarsun

274 2499 441 2581 adscriptos
460 2499 553 2564 luisse
573 2497 708 2562 vidimus.
747 2499 946 2575 Quarnalnem
962 2519 1054 2579 quum
1069 2500 1124 2562 lrac
1139 2507 1216 2560 certe
1230 2509 1324 2562 aetate
1338 2498 1432 2581 genti·
1543 2577 1547 2582 .

273 2603 340 2666 litas
356 2621 423 2666 curn
438 2603 527 2666 curiis
542 2620 729 2684 nequaquam
744 2602 783 2665 ita
798 2611 831 2666 ut
846 2601 884 2664 illi
899 2612 1001 2682 putant
1017 2603 1173 2666 coniuncta
1189 2602 1284 2676 luerit,
1299 2621 1353 2666 rur
1363 2601 1432 2664 olim
1453 2619 1471 2669 a

276 2725 339 2768 rem
354 2704 437 2768 diter
450 2726 483 2768 se
497 2705 637 2769 habuisse
652 2705 808 2768 credamus
822 2723 884 2767 non
901 2705 1037 2786 intelligo.
1074 2706 1194 2768 errens
1208 2705 1344 2786 equidem
1360 2723 1435 2768 cen·

276 2810 359 2884 mdo,
375 2808 455 2890 quod
470 2806 645 2871 Niebuhrius
661 2807 775 2890 primus
787 2808 912 2890 muliare
923 2819 1048 2872 conatus
1059 2818 1115 2882 est,
1130 2808 1213 2870 initio
1224 2808 1349 2872 civitatis
1359 2811 1436 2872 trane

277 2911 504 2993 descriptionem
518 2911 618 2987 luisse,
629 2896 661 2974 ut
672 2911 803 2992 singulae
814 2911 912 2974 euriae
924 2912 953 2974 in
965 2923 1066 2992 gentes
1077 2913 1170 2974 denas
1181 2912 1437 2986 «trasimennus,

276 3015 389 3096 hasque
408 3034 475 3078 esse
494 3015 556 3078 illas
576 3007 733 3092 δεκάδας,
757 3034 882 3098 quamm
901 3015 1059 3099 Dionysius
1075 3016 1254 3080 rurationem
1274 3017 1390 3091 tertull,
1406 3017 1436 3090 7,

169 3187 171 3192 ,
277 3101 528 3202 quernadmodum
540 3119 662 3184 dtlrenis
678 3137 796 3202 qnoque
811 3139 867 3184 nna
883 3140 1017 3204 rqrraeqno
1031 3112 1176 3209 φριιτρία
1187 3131 1287 3202 genus
1299 3119 1439 3184 lmlmisse

277 3223 384 3288 dicitur
403 3223 543 3300 tricenasr
562 3233 593 3287 at
612 3223 689 3287 sicut
708 3223 830 3287 dtlrcnis
852 3229 961 3288 tactum
980 3245 1047 3288 esse
1065 3224 1191 3299 ridetur,
1212 3237 1245 3288 ut
1264 3224 1334 3288 nori
1348 3225 1436 3290 circs.

277 3345 370 3407 quum
381 3327 520 3408 phratriis
532 3325 776 3403 adscriberentur,
788 3323 936 3413 γεννῆται
949 3337 1047 3391 tannen
1060 3331 1233 3390 arriderent
1246 3329 1316 3406 nid.
1327 3345 1434 3390 corruo.

277 3430 308 3492 in
322 3429 438 3494 lsaeum
455 3450 483 3513 p.
497 3430 584 3508 336),
599 3431 638 3494 ita
653 3430 742 3494 etiam
754 3430 832 3512 apud
845 3430 998 3494 llomanos
1009 3431 1086 3493 eires
1098 3430 1285 3511 adscrlqrticii‚
1300 3428 1436 3511 equilus

188 3535 191 3542 '
277 3531 407 3615 plebeius
423 3533 497 3598 urdo
512 3533 617 3607 extitit,
632 3553 724 3615 quum
740 3533 770 3596 in
784 3531 881 3596 curias
895 3535 1106 3613 reciperentur,
1120 3533 1255 3614 gentibus
1268 3543 1366 3596 taaren
1380 3532 1437 3596 illis

278 3635 424 3699 veteribus
438 3636 674 3699 excludebantur.

363 3737 553 3801 Pervenimus
569 3739 606 3800 ad
622 3747 804 3819 posuemmn
821 3737 947 3800 Sdmlrii
962 3748 1183 3816 argmmntmn:
1203 3740 1350 3803 curiarum
1366 3741 1396 3802 Ιι.
1411 3759 1437 3802 e.

280 3839 467 3904 consiliarum
482 3839 662 3904 curiatorum
678 3849 852 3923 potestatem
868 3861 935 3904 curu
949 3840 1137 3922 patris-lomus
1150 3842 1322 3906 auctoritate
1333 3843 1439 3907 arctis·
1536 3867 1540 3871 ·

280 3944 354 4008 sime
374 3943 561 4008 coniunctam
582 3943 687 4020 luisse,
707 3955 753 4017 ut,
772 3942 866 4007 rlonec
885 3942 914 4006 ld
935 3940 965 4005 in
981 3961 1014 4006 re
1029 3944 1143 4026 ouldira
1159 3948 1363 4028 praeralelrant
1377 3949 1440 4031 ple·

279 4047 364 4123 belis,
380 4047 496 4112 illorum
512 4067 631 4132 quoque
646 4047 805 4112 auctoritas
821 4047 946 4112 nrasima
961 4059 1051 4123 cssetr
1065 4049 1255 4131 patriciorum
1267 4062 1366 4115 autom
1378 4051 1441 4116 iure
1526 4047 1529 4050 ’

279 4151 438 4216 Ιιιιιιιίιιιιιο
461 4162 491 4217 et
513 4171 581 4218 cum
605 4153 688 4238 plebe
706 4161 830 4234 aequato
851 4151 969 4216 comitia
989 4173 1109 4236 ‹qrroque
1129 4155 1174 4219 illa
1196 4157 1271 4219 adeo
1291 4157 1440 4238 paullatim

281 4265 551 4334 contueremur,
569 4270 603 4322 ιιι
621 4276 683 4322 non
701 4256 759 4321 nisi
779 4256 851 4320 dicis
872 4275 961 4320 carisa
975 4257 1077 4321 hateri
1091 4259 1233 4335 solerent,
1255 4261 1332 4324 relat
1351 4271 1441 4324 tosta·

281 4371 459 4436 mentorum,
476 4361 678 4426 detestationis
690 4379 852 4454 sacrorum,
868 4360 1097 4442 adrogationum
1108 4383 1197 4449 causa
1212 4385 1247 4428 or
1264 4364 1328 4429 iure
1339 4365 1440 4448 quonu-

283 4464 359 4543 dcio,
374 4474 403 4530 et
415 4484 506 4549 quum
517 4466 563 4530 lex
574 4465 685 4530 amiato
696 4466 732 4529 dc
743 4463 866 4548 imperio
877 4464 1103 4547 aragistratuum
1116 4458 1234 4532 =terenda
1246 4479 1317 4532 erat
1340 4469 1443 4533 Potest

281 4568 340 4633 hoc
358 4577 388 4632 et
406 4569 494 4634 debet
510 4570 643 4652 prolecta
662 4569 799 4647 eoncedir
817 4586 913 4650 neque
932 4578 1030 4634 taurea
1050 4569 1211 4653 quidquam
1232 4572 1301 4636 inde
1317 4575 1443 4638 edicitur

281 4670 341 4738 u'ni
354 4672 427 4752 hue,
446 4672 595 4740 curiarum
609 4673 656 4740 itta
670 4672 789 4740 comitia
804 4671 897 4739 luisse
909 4671 1070 4753 duruerit,
1087 4673 1119 4740 iu
1133 4675 1242 4760 quillus
1257 4677 1371 4761 patricii
1384 4679 1441 4744 da-

1197 4781 1239 4848 51
