<?xml version="1.0" encoding="UTF-8"?>
<!DOCTYPE html PUBLIC "-//W3C//DTD XHTML 1.0 Transitional//EN"
    "http://www.w3.org/TR/xhtml1/DTD/xhtml1-transitional.dtd">
<html xmlns="http://www.w3.org/1999/xhtml" xml:lang="en" lang="en">
 <head>
  <title>
</title>
<meta http-equiv="Content-Type" content="text/html;charset=utf-8" />
  <meta name='ocr-system' content='tesseract 3.04.00' />
  <meta name='ocr-capabilities' content='ocr_page ocr_carea ocr_par ocr_line ocrx_word'/>
</head>
<body>
  <div class='ocr_page' id='page_1' title='image "./opusculaacademi02schgoog_0098.png"; bbox 0 0 3792 5609; ppageno 0'>
   <div class='ocr_carea' id='block_1_1' title="bbox 719 723 838 820">
    <p class='ocr_par' dir='ltr' id='par_1_1' title="bbox 719 723 838 820">
     <span class='ocr_line' id='line_1_1' title="bbox 719 723 838 820; baseline -0.008 -33"><span class='ocrx_word' id='word_1_1' title='bbox 719 723 838 820; x_wconf 27' lang='lat' dir='ltr'><strong>„aa</strong></span> 
     </span>
    </p>
   </div>
   <div class='ocr_carea' id='block_1_2' title="bbox 187 907 1462 4503">
    <p class='ocr_par' dir='ltr' id='par_1_2' title="bbox 187 907 1462 4503">
     <span class='ocr_line' id='line_1_2' title="bbox 241 907 1398 998; baseline -0.002 -23"><span class='ocrx_word' id='word_1_2' title='bbox 241 911 328 976; x_wconf 83' lang='lat' dir='ltr'><strong>Floro</strong></span> <span class='ocrx_word' id='word_1_3' title='bbox 343 911 365 985; x_wconf 88' lang='lat'><strong>1,</strong></span> <span class='ocrx_word' id='word_1_4' title='bbox 378 913 408 985; x_wconf 85' lang='lat'><strong>5,</strong></span> <span class='ocrx_word' id='word_1_5' title='bbox 428 907 531 998; x_wconf 72' lang='lat' dir='ltr'><strong>aprini</strong></span> <span class='ocrx_word' id='word_1_6' title='bbox 547 931 563 975; x_wconf 88' lang='lat' dir='ltr'><strong>a</strong></span> <span class='ocrx_word' id='word_1_7' title='bbox 579 911 718 994; x_wconf 79' lang='lat' dir='ltr'><strong>Dionysio</strong></span> <span class='ocrx_word' id='word_1_8' title='bbox 734 911 781 976; x_wconf 86' lang='lat' dir='ltr'><strong>tn.</strong></span> <span class='ocrx_word' id='word_1_9' title='bbox 795 912 829 974; x_wconf 86' lang='grc'><strong>71</strong></span> <span class='ocrx_word' id='word_1_10' title='bbox 849 924 878 975; x_wconf 84' lang='lat' dir='ltr'><strong>et</strong></span> <span class='ocrx_word' id='word_1_11' title='bbox 892 913 1005 976; x_wconf 82' lang='lat' dir='ltr'><strong>zonara</strong></span> <span class='ocrx_word' id='word_1_12' title='bbox 1021 913 1079 980; x_wconf 73' lang='grc' dir='ltr'><strong>ΠΙ.</strong></span> <span class='ocrx_word' id='word_1_13' title='bbox 1095 913 1125 983; x_wconf 82' lang='grc'><strong>8.</strong></span> <span class='ocrx_word' id='word_1_14' title='bbox 1146 935 1175 995; x_wconf 87' lang='lat' dir='ltr'><strong>p.</strong></span> <span class='ocrx_word' id='word_1_15' title='bbox 1188 913 1251 975; x_wconf 74' lang='lat'><strong>326</strong></span> <span class='ocrx_word' id='word_1_16' title='bbox 1267 915 1332 976; x_wconf 78' lang='lat' dir='ltr'><strong>Par.</strong></span> <span class='ocrx_word' id='word_1_17' title='bbox 1351 912 1398 973; x_wconf 83' lang='lat' dir='ltr'><strong>di·</strong></span> 
     </span>
     <span class='ocr_line' id='line_1_3' title="bbox 240 1015 1398 1096; baseline -0.002 -18"><span class='ocrx_word' id='word_1_18' title='bbox 240 1025 355 1079; x_wconf 87' lang='lat' dir='ltr'><strong>ountur.</strong></span> <span class='ocrx_word' id='word_1_19' title='bbox 370 1049 412 1063; x_wconf 91' lang='lat'>-</span> <span class='ocrx_word' id='word_1_20' title='bbox 429 1017 574 1086; x_wconf 78' lang='lat' dir='ltr'><strong>rratecto,</strong></span> <span class='ocrx_word' id='word_1_21' title='bbox 591 1015 615 1078; x_wconf 87' lang='lat' dir='ltr'><strong>si</strong></span> <span class='ocrx_word' id='word_1_22' title='bbox 631 1015 667 1076; x_wconf 80' lang='lat' dir='ltr'><strong>tle</strong></span> <span class='ocrx_word' id='word_1_23' title='bbox 683 1015 827 1077; x_wconf 79' lang='lat' dir='ltr'><strong>ueteribus</strong></span> <span class='ocrx_word' id='word_1_24' title='bbox 842 1015 980 1077; x_wconf 73' lang='lat' dir='ltr'><strong>tribubus</strong></span> <span class='ocrx_word' id='word_1_25' title='bbox 994 1035 1028 1078; x_wconf 88' lang='lat' dir='ltr'><strong>ao</strong></span> <span class='ocrx_word' id='word_1_26' title='bbox 1043 1016 1133 1078; x_wconf 88' lang='lat' dir='ltr'><strong>ruriis</strong></span> <span class='ocrx_word' id='word_1_27' title='bbox 1148 1015 1229 1082; x_wconf 82' lang='lat' dir='ltr'><strong>uitrit.</strong></span> <span class='ocrx_word' id='word_1_28' title='bbox 1249 1016 1308 1077; x_wconf 87' lang='lat' dir='ltr'><strong>uisi</strong></span> <span class='ocrx_word' id='word_1_29' title='bbox 1322 1033 1398 1096; x_wconf 80' lang='lat' dir='ltr'><strong>quar</strong></span> 
     </span>
     <span class='ocr_line' id='line_1_4' title="bbox 240 1115 1397 1198; baseline -0.002 -18"><span class='ocrx_word' id='word_1_30' title='bbox 240 1136 275 1179; x_wconf 80' lang='lat' dir='ltr'><strong>ox</strong></span> <span class='ocrx_word' id='word_1_31' title='bbox 289 1117 336 1180; x_wconf 86' lang='lat' dir='ltr'><strong>his</strong></span> <span class='ocrx_word' id='word_1_32' title='bbox 350 1117 571 1180; x_wconf 70' lang='lat' dir='ltr'><strong>narrationibus</strong></span> <span class='ocrx_word' id='word_1_33' title='bbox 587 1115 680 1196; x_wconf 77' lang='lat' dir='ltr'><strong>colligi</strong></span> <span class='ocrx_word' id='word_1_34' title='bbox 698 1127 833 1198; x_wconf 86' lang='lat' dir='ltr'><strong>possunt,</strong></span> <span class='ocrx_word' id='word_1_35' title='bbox 850 1126 987 1180; x_wconf 78' lang='lat' dir='ltr'><strong>testatum</strong></span> <span class='ocrx_word' id='word_1_36' title='bbox 1002 1117 1189 1182; x_wconf 75' lang='lat' dir='ltr'><strong>traheremus.</strong></span> <span class='ocrx_word' id='word_1_37' title='bbox 1205 1137 1251 1180; x_wconf 82' lang='lat' dir='ltr'><strong>res</strong></span> <span class='ocrx_word' id='word_1_38' title='bbox 1266 1120 1397 1179; x_wconf 82' lang='lat' dir='ltr'><strong>oamecta</strong></span> 
     </span>
     <span class='ocr_line' id='line_1_5' title="bbox 240 1217 1398 1302; baseline -0.001 -21"><span class='ocrx_word' id='word_1_39' title='bbox 240 1219 329 1282; x_wconf 71' lang='lat' dir='ltr'><strong>rideri</strong></span> <span class='ocrx_word' id='word_1_40' title='bbox 344 1219 472 1296; x_wconf 73' lang='lat' dir='ltr'><strong>«tolieret,</strong></span> <span class='ocrx_word' id='word_1_41' title='bbox 488 1237 583 1302; x_wconf 79' lang='lat' dir='ltr'><strong>neque</strong></span> <span class='ocrx_word' id='word_1_42' title='bbox 597 1227 675 1280; x_wconf 80' lang='lat' dir='ltr'><strong>esset</strong></span> <span class='ocrx_word' id='word_1_43' title='bbox 689 1218 769 1300; x_wconf 80' lang='lat' dir='ltr'><strong>quod</strong></span> <span class='ocrx_word' id='word_1_44' title='bbox 781 1217 1023 1301; x_wconf 73' lang='lat' dir='ltr'><strong>obloqueremum</strong></span> <span class='ocrx_word' id='word_1_45' title='bbox 1038 1238 1119 1282; x_wconf 83' lang='lat' dir='ltr'><strong>rturro</strong></span> <span class='ocrx_word' id='word_1_46' title='bbox 1128 1231 1235 1290; x_wconf 80' lang='lat' dir='ltr'><strong>mrtem,</strong></span> <span class='ocrx_word' id='word_1_47' title='bbox 1250 1238 1342 1302; x_wconf 75' lang='lat' dir='ltr'><strong>«pirrum</strong></span> <span class='ocrx_word' id='word_1_48' title='bbox 1355 1226 1398 1280; x_wconf 87' lang='lat' dir='ltr'><strong>tot</strong></span> 
     </span>
     <span class='ocr_line' id='line_1_6' title="bbox 241 1321 1396 1404; baseline -0.004 -17"><span class='ocrx_word' id='word_1_49' title='bbox 241 1332 376 1387; x_wconf 81' lang='lat' dir='ltr'><strong>attotoros</strong></span> <span class='ocrx_word' id='word_1_50' title='bbox 390 1323 450 1384; x_wconf 84' lang='lat' dir='ltr'><strong>siat</strong></span> <span class='ocrx_word' id='word_1_51' title='bbox 463 1321 594 1384; x_wconf 76' lang='lat' dir='ltr'><strong>diuersae</strong></span> <span class='ocrx_word' id='word_1_52' title='bbox 608 1321 775 1392; x_wconf 78' lang='lat' dir='ltr'><strong>sententiae,</strong></span> <span class='ocrx_word' id='word_1_53' title='bbox 792 1322 820 1382; x_wconf 88' lang='lat' dir='ltr'><strong>in</strong></span> <span class='ocrx_word' id='word_1_54' title='bbox 836 1321 945 1404; x_wconf 82' lang='lat' dir='ltr'><strong>quitum</strong></span> <span class='ocrx_word' id='word_1_55' title='bbox 961 1323 1025 1403; x_wconf 81' lang='lat' dir='ltr'><strong>ipse</strong></span> <span class='ocrx_word' id='word_1_56' title='bbox 1038 1323 1123 1386; x_wconf 81' lang='lat' dir='ltr'><strong>etiam</strong></span> <span class='ocrx_word' id='word_1_57' title='bbox 1140 1323 1307 1404; x_wconf 76' lang='lat' dir='ltr'><strong>niam-stus.</strong></span> <span class='ocrx_word' id='word_1_58' title='bbox 1323 1339 1396 1384; x_wconf 85' lang='lat' dir='ltr'><strong>cou-</strong></span> 
     </span>
     <span class='ocr_line' id='line_1_7' title="bbox 241 1424 1395 1490; baseline -0.005 0"><span class='ocrx_word' id='word_1_59' title='bbox 241 1426 337 1490; x_wconf 81' lang='lat' dir='ltr'><strong>cittare</strong></span> <span class='ocrx_word' id='word_1_60' title='bbox 352 1425 437 1490; x_wconf 87' lang='lat' dir='ltr'><strong>istam</strong></span> <span class='ocrx_word' id='word_1_61' title='bbox 450 1425 647 1489; x_wconf 74' lang='lat' dir='ltr'>narrationem</span> <span class='ocrx_word' id='word_1_62' title='bbox 660 1443 726 1487; x_wconf 90' lang='lat' dir='ltr'><strong>oum</strong></span> <span class='ocrx_word' id='word_1_63' title='bbox 740 1425 845 1488; x_wconf 84' lang='lat' dir='ltr'><strong>horum</strong></span> <span class='ocrx_word' id='word_1_64' title='bbox 859 1425 1035 1488; x_wconf 71' lang='lat' dir='ltr'><strong>testimoniis</strong></span> <span class='ocrx_word' id='word_1_65' title='bbox 1046 1426 1231 1488; x_wconf 72' lang='lat' dir='ltr'><strong>retrahimur.</strong></span> <span class='ocrx_word' id='word_1_66' title='bbox 1265 1424 1395 1488; x_wconf 76' lang='lat' dir='ltr'><strong>Primum</strong></span> 
     </span>
     <span class='ocr_line' id='line_1_8' title="bbox 241 1527 1396 1612; baseline -0.004 -19"><span class='ocrx_word' id='word_1_67' title='bbox 241 1530 328 1612; x_wconf 87' lang='lat' dir='ltr'><strong>igitur</strong></span> <span class='ocrx_word' id='word_1_68' title='bbox 342 1530 415 1594; x_wconf 83' lang='lat' dir='ltr'>nihil</span> <span class='ocrx_word' id='word_1_69' title='bbox 430 1529 564 1612; x_wconf 82' lang='lat' dir='ltr'><strong>impertit,</strong></span> <span class='ocrx_word' id='word_1_70' title='bbox 584 1549 644 1612; x_wconf 85' lang='lat' dir='ltr'><strong>quo</strong></span> <span class='ocrx_word' id='word_1_71' title='bbox 664 1529 762 1591; x_wconf 81' lang='lat' dir='ltr'><strong>ruinas</strong></span> <span class='ocrx_word' id='word_1_72' title='bbox 784 1529 883 1611; x_wconf 85' lang='lat' dir='ltr'><strong>popuii</strong></span> <span class='ocrx_word' id='word_1_73' title='bbox 904 1529 999 1592; x_wconf 75' lang='lat' dir='ltr'><strong>tritius</strong></span> <span class='ocrx_word' id='word_1_74' title='bbox 1019 1549 1086 1592; x_wconf 83' lang='grc' dir='ltr'>ιιιιιι</span> <span class='ocrx_word' id='word_1_75' title='bbox 1106 1529 1237 1611; x_wconf 68' lang='lat' dir='ltr'><strong>«apiriam</strong></span> <span class='ocrx_word' id='word_1_76' title='bbox 1257 1527 1396 1591; x_wconf 77' lang='lat' dir='ltr'><strong>curatoriis</strong></span> 
     </span>
     <span class='ocr_line' id='line_1_9' title="bbox 240 1631 1397 1716; baseline -0.006 -19"><span class='ocrx_word' id='word_1_77' title='bbox 240 1633 432 1716; x_wconf 75' lang='lat' dir='ltr'><strong>cognomines</strong></span> <span class='ocrx_word' id='word_1_78' title='bbox 456 1634 548 1696; x_wconf 78' lang='lat' dir='ltr'><strong>tuisse.</strong></span> <span class='ocrx_word' id='word_1_79' title='bbox 572 1643 744 1695; x_wconf 88' lang='lat' dir='ltr'><strong>statuamus.</strong></span> <span class='ocrx_word' id='word_1_80' title='bbox 791 1632 904 1696; x_wconf 78' lang='lat' dir='ltr'><strong>Soiiiort</strong></span> <span class='ocrx_word' id='word_1_81' title='bbox 925 1651 1017 1714; x_wconf 81' lang='grc' dir='ltr'>ιμιιιιιι</span> <span class='ocrx_word' id='word_1_82' title='bbox 1039 1632 1121 1694; x_wconf 89' lang='lat' dir='ltr'><strong>iuitio</strong></span> <span class='ocrx_word' id='word_1_83' title='bbox 1142 1633 1277 1695; x_wconf 78' lang='lat' dir='ltr'><strong>uniuersa</strong></span> <span class='ocrx_word' id='word_1_84' title='bbox 1298 1631 1397 1694; x_wconf 77' lang='lat' dir='ltr'><strong>ciuitas</strong></span> 
     </span>
     <span class='ocr_line' id='line_1_10' title="bbox 240 1735 1396 1819; baseline -0.002 -21"><span class='ocrx_word' id='word_1_85' title='bbox 240 1736 371 1819; x_wconf 87' lang='lat' dir='ltr'><strong>patriciis</strong></span> <span class='ocrx_word' id='word_1_86' title='bbox 383 1745 505 1802; x_wconf 86' lang='lat' dir='ltr'><strong>tantum.</strong></span> <span class='ocrx_word' id='word_1_87' title='bbox 522 1737 551 1798; x_wconf 93' lang='lat' dir='ltr'><strong>in</strong></span> <span class='ocrx_word' id='word_1_88' title='bbox 563 1735 671 1816; x_wconf 74' lang='lat' dir='ltr'><strong>mulius</strong></span> <span class='ocrx_word' id='word_1_89' title='bbox 684 1736 798 1799; x_wconf 78' lang='lat' dir='ltr'><strong>suerunt</strong></span> <span class='ocrx_word' id='word_1_90' title='bbox 815 1735 900 1796; x_wconf 82' lang='lat' dir='ltr'><strong>etiam</strong></span> <span class='ocrx_word' id='word_1_91' title='bbox 913 1735 1034 1816; x_wconf 79' lang='lat' dir='ltr'><strong>equites.</strong></span> <span class='ocrx_word' id='word_1_92' title='bbox 1050 1735 1298 1816; x_wconf 71' lang='lat' dir='ltr'><strong>patritiommque</strong></span> <span class='ocrx_word' id='word_1_93' title='bbox 1309 1735 1396 1797; x_wconf 85' lang='lat' dir='ltr'><strong>rtien-</strong></span> 
     </span>
     <span class='ocr_line' id='line_1_11' title="bbox 241 1837 1397 1901; baseline -0.003 -2"><span class='ocrx_word' id='word_1_94' title='bbox 241 1837 320 1900; x_wconf 79' lang='lat' dir='ltr'><strong>tilrus</strong></span> <span class='ocrx_word' id='word_1_95' title='bbox 335 1848 483 1900; x_wconf 83' lang='lat' dir='ltr'><strong>constaret</strong></span> <span class='ocrx_word' id='word_1_96' title='bbox 497 1873 538 1884; x_wconf 87' lang='lat'><strong>--</strong></span> <span class='ocrx_word' id='word_1_97' title='bbox 554 1839 629 1900; x_wconf 85' lang='lat' dir='ltr'><strong>hanc</strong></span> <span class='ocrx_word' id='word_1_98' title='bbox 643 1839 721 1901; x_wconf 84' lang='lat' dir='ltr'><strong>enim</strong></span> <span class='ocrx_word' id='word_1_99' title='bbox 737 1837 887 1900; x_wconf 75' lang='lat' dir='ltr'><strong>Niettulrrii</strong></span> <span class='ocrx_word' id='word_1_100' title='bbox 903 1837 1077 1900; x_wconf 85' lang='lat' dir='ltr'><strong>sententiam</strong></span> <span class='ocrx_word' id='word_1_101' title='bbox 1090 1839 1272 1900; x_wconf 80' lang='lat' dir='ltr'><strong>rorissimam</strong></span> <span class='ocrx_word' id='word_1_102' title='bbox 1288 1837 1397 1898; x_wconf 79' lang='lat' dir='ltr'><strong>iudiea-</strong></span> 
     </span>
     <span class='ocr_line' id='line_1_12' title="bbox 242 1921 1399 2022; baseline -0.002 -20"><span class='ocrx_word' id='word_1_103' title='bbox 242 1958 309 2002; x_wconf 83' lang='lat' dir='ltr'><strong>mus</strong></span> <span class='ocrx_word' id='word_1_104' title='bbox 334 1973 375 1986; x_wconf 85' lang='lat'><strong>-</strong></span> <span class='ocrx_word' id='word_1_105' title='bbox 400 1921 524 2022; x_wconf 81' lang='lat' dir='ltr'><strong>ideoque</strong></span> <span class='ocrx_word' id='word_1_106' title='bbox 547 1939 690 2010; x_wconf 81' lang='lat' dir='ltr'><strong>Ramnes.</strong></span> <span class='ocrx_word' id='word_1_107' title='bbox 715 1939 820 2006; x_wconf 83' lang='lat' dir='ltr'><strong>Titios.</strong></span> <span class='ocrx_word' id='word_1_108' title='bbox 847 1939 972 2001; x_wconf 75' lang='lat' dir='ltr'><strong>inureres</strong></span> <span class='ocrx_word' id='word_1_109' title='bbox 990 1939 1059 2002; x_wconf 84' lang='lat' dir='ltr'><strong>nulii</strong></span> <span class='ocrx_word' id='word_1_110' title='bbox 1079 1951 1175 2002; x_wconf 81' lang='lat' dir='ltr'><strong>essem</strong></span> <span class='ocrx_word' id='word_1_111' title='bbox 1203 1950 1317 2022; x_wconf 75' lang='lat' dir='ltr'><strong>prraeter</strong></span> <span class='ocrx_word' id='word_1_112' title='bbox 1334 1940 1399 2007; x_wconf 78' lang='lat' dir='ltr'><strong>iios.</strong></span> 
     </span>
     <span class='ocr_line' id='line_1_13' title="bbox 241 2041 1398 2125; baseline -0.002 -23"><span class='ocrx_word' id='word_1_113' title='bbox 241 2050 343 2124; x_wconf 84' lang='lat' dir='ltr'><strong>postea</strong></span> <span class='ocrx_word' id='word_1_114' title='bbox 363 2059 455 2122; x_wconf 86' lang='lat' dir='ltr'><strong>quum</strong></span> <span class='ocrx_word' id='word_1_115' title='bbox 477 2041 580 2122; x_wconf 83' lang='lat' dir='ltr'><strong>plebeii</strong></span> <span class='ocrx_word' id='word_1_116' title='bbox 600 2061 718 2125; x_wconf 77' lang='lat' dir='ltr'><strong>meoque</strong></span> <span class='ocrx_word' id='word_1_117' title='bbox 737 2044 892 2104; x_wconf 78' lang='lat' dir='ltr'><strong>existerent</strong></span> <span class='ocrx_word' id='word_1_118' title='bbox 913 2052 942 2104; x_wconf 82' lang='lat' dir='ltr'><strong>ot</strong></span> <span class='ocrx_word' id='word_1_119' title='bbox 962 2043 990 2104; x_wconf 91' lang='lat' dir='ltr'><strong>in</strong></span> <span class='ocrx_word' id='word_1_120' title='bbox 1012 2042 1107 2106; x_wconf 83' lang='lat' dir='ltr'><strong>tribus</strong></span> <span class='ocrx_word' id='word_1_121' title='bbox 1127 2063 1161 2105; x_wconf 83' lang='lat' dir='ltr'><strong>ae</strong></span> <span class='ocrx_word' id='word_1_122' title='bbox 1175 2041 1272 2103; x_wconf 80' lang='lat' dir='ltr'><strong>rurias</strong></span> <span class='ocrx_word' id='word_1_123' title='bbox 1286 2041 1398 2122; x_wconf 81' lang='lat' dir='ltr'><strong>recipe·</strong></span> 
     </span>
     <span class='ocr_line' id='line_1_14' title="bbox 241 2143 1398 2226; baseline -0.002 -20"><span class='ocrx_word' id='word_1_124' title='bbox 241 2152 355 2219; x_wconf 84' lang='lat' dir='ltr'><strong>rentur,</strong></span> <span class='ocrx_word' id='word_1_125' title='bbox 375 2143 435 2208; x_wconf 81' lang='lat' dir='ltr'><strong>fieri</strong></span> <span class='ocrx_word' id='word_1_126' title='bbox 456 2161 517 2206; x_wconf 86' lang='lat' dir='ltr'><strong>non</strong></span> <span class='ocrx_word' id='word_1_127' title='bbox 538 2145 649 2224; x_wconf 83' lang='lat' dir='ltr'><strong>potuit.</strong></span> <span class='ocrx_word' id='word_1_128' title='bbox 670 2146 740 2226; x_wconf 83' lang='lat' dir='ltr'><strong>quin</strong></span> <span class='ocrx_word' id='word_1_129' title='bbox 761 2145 789 2208; x_wconf 90' lang='grc' dir='ltr'><strong>1ιί</strong></span> <span class='ocrx_word' id='word_1_130' title='bbox 809 2155 837 2207; x_wconf 85' lang='lat' dir='ltr'><strong>et</strong></span> <span class='ocrx_word' id='word_1_131' title='bbox 856 2144 912 2225; x_wconf 89' lang='lat' dir='ltr'><strong>ipsi</strong></span> <span class='ocrx_word' id='word_1_132' title='bbox 934 2145 1088 2208; x_wconf 83' lang='lat' dir='ltr'><strong>nortriuum</strong></span> <span class='ocrx_word' id='word_1_133' title='bbox 1109 2145 1224 2208; x_wconf 86' lang='lat' dir='ltr'><strong>iliorum</strong></span> <span class='ocrx_word' id='word_1_134' title='bbox 1244 2144 1398 2226; x_wconf 81' lang='lat' dir='ltr'><strong>participes</strong></span> 
     </span>
     <span class='ocr_line' id='line_1_15' title="bbox 242 2246 1400 2329; baseline -0.003 -20"><span class='ocrx_word' id='word_1_135' title='bbox 242 2249 358 2320; x_wconf 82' lang='lat' dir='ltr'><strong>fierent,</strong></span> <span class='ocrx_word' id='word_1_136' title='bbox 380 2246 418 2308; x_wconf 91' lang='lat' dir='ltr'><strong>ita</strong></span> <span class='ocrx_word' id='word_1_137' title='bbox 442 2255 552 2317; x_wconf 84' lang='lat' dir='ltr'><strong>tomen,</strong></span> <span class='ocrx_word' id='word_1_138' title='bbox 574 2255 606 2308; x_wconf 91' lang='lat' dir='ltr'><strong>ut</strong></span> <span class='ocrx_word' id='word_1_139' title='bbox 621 2247 656 2309; x_wconf 87' lang='lat' dir='ltr'><strong>ad</strong></span> <span class='ocrx_word' id='word_1_140' title='bbox 672 2247 811 2329; x_wconf 83' lang='lat' dir='ltr'><strong>patririos</strong></span> <span class='ocrx_word' id='word_1_141' title='bbox 827 2267 873 2321; x_wconf 85' lang='lat' dir='ltr'><strong>ea,</strong></span> <span class='ocrx_word' id='word_1_142' title='bbox 890 2257 1028 2329; x_wconf 82' lang='lat' dir='ltr'><strong>tanquam</strong></span> <span class='ocrx_word' id='word_1_143' title='bbox 1044 2249 1121 2310; x_wconf 80' lang='lat' dir='ltr'><strong>eirea</strong></span> <span class='ocrx_word' id='word_1_144' title='bbox 1136 2247 1358 2328; x_wconf 80' lang='lat' dir='ltr'><strong>antiquissimos</strong></span> <span class='ocrx_word' id='word_1_145' title='bbox 1371 2255 1400 2306; x_wconf 86' lang='lat' dir='ltr'><strong>et</strong></span> 
     </span>
     <span class='ocr_line' id='line_1_16' title="bbox 242 2347 1400 2433; baseline -0.005 -20"><span class='ocrx_word' id='word_1_146' title='bbox 242 2349 333 2413; x_wconf 85' lang='lat' dir='ltr'><strong>totius</strong></span> <span class='ocrx_word' id='word_1_147' title='bbox 349 2349 472 2414; x_wconf 76' lang='lat' dir='ltr'><strong>civitatis</strong></span> <span class='ocrx_word' id='word_1_148' title='bbox 488 2349 644 2431; x_wconf 76' lang='lat' dir='ltr'><strong>principos,</strong></span> <span class='ocrx_word' id='word_1_149' title='bbox 658 2350 742 2433; x_wconf 79' lang='lat' dir='ltr'><strong>quasi</strong></span> <span class='ocrx_word' id='word_1_150' title='bbox 758 2351 872 2431; x_wconf 70' lang='lat' dir='ltr'><strong>potiore</strong></span> <span class='ocrx_word' id='word_1_151' title='bbox 887 2351 1015 2431; x_wconf 74' lang='lat' dir='ltr'><strong>«proriam</strong></span> <span class='ocrx_word' id='word_1_152' title='bbox 1032 2353 1095 2412; x_wconf 81' lang='lat' dir='ltr'><strong>iuro</strong></span> <span class='ocrx_word' id='word_1_153' title='bbox 1109 2361 1137 2412; x_wconf 82' lang='lat' dir='ltr'><strong>rt</strong></span> <span class='ocrx_word' id='word_1_154' title='bbox 1154 2351 1348 2431; x_wconf 64' lang='lat' dir='ltr'><strong>magistrumn</strong></span> <span class='ocrx_word' id='word_1_155' title='bbox 1363 2347 1400 2408; x_wconf 81' lang='lat' dir='ltr'><strong>ati</strong></span> 
     </span>
     <span class='ocr_line' id='line_1_17' title="bbox 242 2451 1401 2535; baseline -0.003 -19"><span class='ocrx_word' id='word_1_156' title='bbox 242 2464 367 2516; x_wconf 85' lang='lat' dir='ltr'><strong>ceteram</strong></span> <span class='ocrx_word' id='word_1_157' title='bbox 382 2453 612 2525; x_wconf 82' lang='lat' dir='ltr'><strong>multitudinem,</strong></span> <span class='ocrx_word' id='word_1_158' title='bbox 629 2453 731 2515; x_wconf 82' lang='lat' dir='ltr'><strong>iisdem</strong></span> <span class='ocrx_word' id='word_1_159' title='bbox 748 2471 815 2514; x_wconf 85' lang='lat' dir='ltr'><strong>cum</strong></span> <span class='ocrx_word' id='word_1_160' title='bbox 833 2451 887 2515; x_wconf 85' lang='lat' dir='ltr'><strong>iilis</strong></span> <span class='ocrx_word' id='word_1_161' title='bbox 903 2453 1040 2516; x_wconf 84' lang='lat' dir='ltr'><strong>triturims</strong></span> <span class='ocrx_word' id='word_1_162' title='bbox 1057 2452 1316 2535; x_wconf 81' lang='lat' dir='ltr'><strong>rmuprrirensam.</strong></span> <span class='ocrx_word' id='word_1_163' title='bbox 1332 2468 1401 2532; x_wconf 81' lang='lat' dir='ltr'><strong>per·</strong></span> 
     </span>
     <span class='ocr_line' id='line_1_18' title="bbox 242 2555 1400 2635; baseline -0.004 -17"><span class='ocrx_word' id='word_1_164' title='bbox 242 2556 334 2618; x_wconf 88' lang='lat' dir='ltr'><strong>tinore</strong></span> <span class='ocrx_word' id='word_1_165' title='bbox 347 2555 522 2618; x_wconf 82' lang='lat' dir='ltr'><strong>riderentur.</strong></span> <span class='ocrx_word' id='word_1_166' title='bbox 557 2555 643 2630; x_wconf 80' lang='lat' dir='ltr'><strong>Qum</strong></span> <span class='ocrx_word' id='word_1_167' title='bbox 659 2563 755 2618; x_wconf 76' lang='lat' dir='ltr'><strong>autam</strong></span> <span class='ocrx_word' id='word_1_168' title='bbox 768 2555 945 2635; x_wconf 81' lang='lat' dir='ltr'><strong>Tarquinius</strong></span> <span class='ocrx_word' id='word_1_169' title='bbox 961 2576 977 2618; x_wconf 87' lang='lat' dir='ltr'><strong>a</strong></span> <span class='ocrx_word' id='word_1_170' title='bbox 993 2556 1142 2618; x_wconf 80' lang='lat' dir='ltr'><strong>nonnuliis</strong></span> <span class='ocrx_word' id='word_1_171' title='bbox 1153 2555 1284 2618; x_wconf 85' lang='lat' dir='ltr'><strong>triiuuuu</strong></span> <span class='ocrx_word' id='word_1_172' title='bbox 1296 2572 1400 2616; x_wconf 87' lang='lat' dir='ltr'><strong>uume-</strong></span> 
     </span>
     <span class='ocr_line' id='line_1_19' title="bbox 243 2657 1400 2742; baseline -0.005 -18"><span class='ocrx_word' id='word_1_173' title='bbox 243 2678 310 2724; x_wconf 86' lang='lat' dir='ltr'><strong>rtuu</strong></span> <span class='ocrx_word' id='word_1_174' title='bbox 330 2676 435 2740; x_wconf 82' lang='lat' dir='ltr'><strong>augere</strong></span> <span class='ocrx_word' id='word_1_175' title='bbox 454 2659 581 2721; x_wconf 82' lang='lat' dir='ltr'><strong>uoluisse</strong></span> <span class='ocrx_word' id='word_1_176' title='bbox 601 2657 721 2735; x_wconf 74' lang='lat' dir='ltr'><strong>«licitur,</strong></span> <span class='ocrx_word' id='word_1_177' title='bbox 740 2657 867 2721; x_wconf 77' lang='lat' dir='ltr'><strong>ritrititari</strong></span> <span class='ocrx_word' id='word_1_178' title='bbox 888 2677 948 2722; x_wconf 90' lang='lat' dir='ltr'><strong>uon</strong></span> <span class='ocrx_word' id='word_1_179' title='bbox 969 2668 1082 2741; x_wconf 73' lang='lat' dir='ltr'><strong>potos-t,</strong></span> <span class='ocrx_word' id='word_1_180' title='bbox 1101 2659 1172 2742; x_wconf 70' lang='lat' dir='ltr'><strong>iptio</strong></span> <span class='ocrx_word' id='word_1_181' title='bbox 1187 2680 1205 2719; x_wconf 79' lang='lat' dir='ltr'><strong>e</strong></span> <span class='ocrx_word' id='word_1_182' title='bbox 1219 2658 1400 2737; x_wconf 85' lang='lat' dir='ltr'><strong>singularum</strong></span> 
     </span>
     <span class='ocr_line' id='line_1_20' title="bbox 243 2760 1402 2845; baseline -0.002 -19"><span class='ocrx_word' id='word_1_183' title='bbox 243 2763 373 2826; x_wconf 82' lang='lat' dir='ltr'><strong>tribuum</strong></span> <span class='ocrx_word' id='word_1_184' title='bbox 388 2761 473 2844; x_wconf 76' lang='lat' dir='ltr'><strong>pietro</strong></span> <span class='ocrx_word' id='word_1_185' title='bbox 487 2781 578 2825; x_wconf 83' lang='lat' dir='ltr'><strong>numa</strong></span> <span class='ocrx_word' id='word_1_186' title='bbox 593 2761 724 2845; x_wconf 81' lang='lat' dir='ltr'><strong>eqtritom</strong></span> <span class='ocrx_word' id='word_1_187' title='bbox 740 2761 886 2826; x_wconf 80' lang='lat' dir='ltr'><strong>centurius</strong></span> <span class='ocrx_word' id='word_1_188' title='bbox 901 2762 1086 2826; x_wconf 80' lang='lat' dir='ltr'><strong>oomrritmu</strong></span> <span class='ocrx_word' id='word_1_189' title='bbox 1101 2762 1231 2828; x_wconf 84' lang='lat' dir='ltr'><strong>rotuurit.</strong></span> <span class='ocrx_word' id='word_1_190' title='bbox 1246 2763 1298 2843; x_wconf 72' lang='lat' dir='ltr'><strong>epu</strong></span> <span class='ocrx_word' id='word_1_191' title='bbox 1312 2760 1402 2844; x_wconf 89' lang='lat' dir='ltr'><strong>patri-</strong></span> 
     </span>
     <span class='ocr_line' id='line_1_21' title="bbox 244 2865 1403 2950; baseline -0.001 -20"><span class='ocrx_word' id='word_1_192' title='bbox 244 2866 335 2930; x_wconf 86' lang='lat' dir='ltr'><strong>oiatus</strong></span> <span class='ocrx_word' id='word_1_193' title='bbox 351 2865 413 2929; x_wconf 90' lang='lat' dir='ltr'><strong>iuro</strong></span> <span class='ocrx_word' id='word_1_194' title='bbox 428 2873 593 2942; x_wconf 85' lang='lat' dir='ltr'><strong>uterentur,</strong></span> <span class='ocrx_word' id='word_1_195' title='bbox 609 2886 643 2929; x_wconf 82' lang='lat' dir='ltr'><strong>rx</strong></span> <span class='ocrx_word' id='word_1_196' title='bbox 659 2867 766 2950; x_wconf 81' lang='lat' dir='ltr'><strong>iisqrm.</strong></span> <span class='ocrx_word' id='word_1_197' title='bbox 783 2865 888 2930; x_wconf 81' lang='lat' dir='ltr'><strong>additis</strong></span> <span class='ocrx_word' id='word_1_198' title='bbox 903 2867 983 2930; x_wconf 78' lang='grc' dir='ltr'>ΙιιιιιΙ</span> <span class='ocrx_word' id='word_1_199' title='bbox 998 2866 1087 2930; x_wconf 74' lang='lat' dir='ltr'><strong>«letitie</strong></span> <span class='ocrx_word' id='word_1_200' title='bbox 1102 2867 1257 2931; x_wconf 80' lang='lat' dir='ltr'><strong>otientituts</strong></span> <span class='ocrx_word' id='word_1_201' title='bbox 1268 2869 1298 2938; x_wconf 69' lang='lat' dir='ltr'><strong>tt</strong></span> <span class='ocrx_word' id='word_1_202' title='bbox 1313 2877 1343 2930; x_wconf 88' lang='lat' dir='ltr'><strong>et</strong></span> <span class='ocrx_word' id='word_1_203' title='bbox 1356 2885 1403 2929; x_wconf 83' lang='lat' dir='ltr'><strong>re·</strong></span> 
     </span>
     <span class='ocr_line' id='line_1_22' title="bbox 243 2969 1407 3054; baseline -0.002 -20"><span class='ocrx_word' id='word_1_204' title='bbox 243 2970 338 3054; x_wconf 80' lang='lat' dir='ltr'><strong>liquare</strong></span> <span class='ocrx_word' id='word_1_205' title='bbox 357 2972 483 3034; x_wconf 85' lang='lat' dir='ltr'><strong>sortasse</strong></span> <span class='ocrx_word' id='word_1_206' title='bbox 503 2969 700 3034; x_wconf 68' lang='lat' dir='ltr'><strong>multitudinis</strong></span> <span class='ocrx_word' id='word_1_207' title='bbox 720 2978 812 3052; x_wconf 83' lang='lat' dir='ltr'><strong>parte,</strong></span> <span class='ocrx_word' id='word_1_208' title='bbox 831 2988 922 3032; x_wconf 87' lang='lat' dir='ltr'><strong>noras</strong></span> <span class='ocrx_word' id='word_1_209' title='bbox 939 2971 1034 3034; x_wconf 70' lang='lat' dir='ltr'><strong>tritius</strong></span> <span class='ocrx_word' id='word_1_210' title='bbox 1047 2973 1176 3039; x_wconf 79' lang='lat' dir='ltr'><strong>ettioero.</strong></span> <span class='ocrx_word' id='word_1_211' title='bbox 1192 2981 1225 3034; x_wconf 87' lang='lat' dir='ltr'><strong>ut</strong></span> <span class='ocrx_word' id='word_1_212' title='bbox 1238 2991 1290 3034; x_wconf 79' lang='lat' dir='ltr'><strong>sex</strong></span> <span class='ocrx_word' id='word_1_213' title='bbox 1305 2975 1407 3034; x_wconf 79' lang='lat' dir='ltr'><strong>tierent</strong></span> 
     </span>
     <span class='ocr_line' id='line_1_23' title="bbox 244 3073 1405 3156; baseline -0.002 -19"><span class='ocrx_word' id='word_1_214' title='bbox 244 3075 411 3144; x_wconf 77' lang='lat' dir='ltr'><strong>uniuersae,</strong></span> <span class='ocrx_word' id='word_1_215' title='bbox 427 3073 548 3137; x_wconf 82' lang='lat' dir='ltr'><strong>totidem</strong></span> <span class='ocrx_word' id='word_1_216' title='bbox 569 3084 643 3156; x_wconf 86' lang='lat' dir='ltr'><strong>quot</strong></span> <span class='ocrx_word' id='word_1_217' title='bbox 661 3075 821 3141; x_wconf 83' lang='lat' dir='ltr'><strong>centuriae.</strong></span> <span class='ocrx_word' id='word_1_218' title='bbox 845 3075 941 3136; x_wconf 82' lang='lat' dir='ltr'><strong>curiae</strong></span> <span class='ocrx_word' id='word_1_219' title='bbox 961 3084 1059 3137; x_wconf 86' lang='lat' dir='ltr'><strong>autem</strong></span> <span class='ocrx_word' id='word_1_220' title='bbox 1080 3075 1237 3156; x_wconf 74' lang='lat' dir='ltr'><strong>nonaginta.</strong></span> <span class='ocrx_word' id='word_1_221' title='bbox 1278 3075 1309 3138; x_wconf 84' lang='grc' dir='ltr'><strong>ΙιΙ</strong></span> <span class='ocrx_word' id='word_1_222' title='bbox 1328 3075 1405 3136; x_wconf 77' lang='lat' dir='ltr'><strong>satra</strong></span> 
     </span>
     <span class='ocr_line' id='line_1_24' title="bbox 244 3176 1405 3260; baseline -0.002 -19"><span class='ocrx_word' id='word_1_223' title='bbox 244 3176 385 3259; x_wconf 85' lang='lat' dir='ltr'><strong>religiono</strong></span> <span class='ocrx_word' id='word_1_224' title='bbox 407 3196 534 3258; x_wconf 75' lang='lat' dir='ltr'><strong>auguros</strong></span> <span class='ocrx_word' id='word_1_225' title='bbox 560 3178 621 3242; x_wconf 88' lang='lat' dir='ltr'><strong>tieri</strong></span> <span class='ocrx_word' id='word_1_226' title='bbox 648 3198 737 3259; x_wconf 86' lang='lat' dir='ltr'><strong>posse</strong></span> <span class='ocrx_word' id='word_1_227' title='bbox 759 3188 917 3258; x_wconf 83' lang='lat' dir='ltr'><strong>negarunt:</strong></span> <span class='ocrx_word' id='word_1_228' title='bbox 943 3178 1138 3260; x_wconf 75' lang='lat' dir='ltr'><strong>‹ptamotuem</strong></span> <span class='ocrx_word' id='word_1_229' title='bbox 1157 3181 1269 3260; x_wconf 75' lang='lat' dir='ltr'><strong>etpritos</strong></span> <span class='ocrx_word' id='word_1_230' title='bbox 1288 3178 1405 3259; x_wconf 76' lang='lat' dir='ltr'><strong>«pridem</strong></span> 
     </span>
     <span class='ocr_line' id='line_1_25' title="bbox 187 3280 1405 3364; baseline -0.007 -16"><span class='ocrx_word' id='word_1_231' title='bbox 187 3345 189 3348; x_wconf 84' lang='lat'>.</span> <span class='ocrx_word' id='word_1_232' title='bbox 245 3299 339 3344; x_wconf 80' lang='lat' dir='ltr'><strong>noros</strong></span> <span class='ocrx_word' id='word_1_233' title='bbox 360 3281 550 3364; x_wconf 77' lang='lat' dir='ltr'><strong>conseripsit,</strong></span> <span class='ocrx_word' id='word_1_234' title='bbox 575 3283 627 3344; x_wconf 80' lang='lat' dir='ltr'><strong>seri</strong></span> <span class='ocrx_word' id='word_1_235' title='bbox 649 3282 706 3344; x_wconf 85' lang='lat' dir='ltr'><strong>hos</strong></span> <span class='ocrx_word' id='word_1_236' title='bbox 728 3281 756 3344; x_wconf 92' lang='lat' dir='ltr'><strong>in</strong></span> <span class='ocrx_word' id='word_1_237' title='bbox 778 3282 841 3344; x_wconf 86' lang='lat' dir='ltr'><strong>suis</strong></span> <span class='ocrx_word' id='word_1_238' title='bbox 862 3301 997 3362; x_wconf 79' lang='lat' dir='ltr'><strong>‹prosrpre</strong></span> <span class='ocrx_word' id='word_1_239' title='bbox 1016 3281 1152 3344; x_wconf 85' lang='lat' dir='ltr'><strong>triturims</strong></span> <span class='ocrx_word' id='word_1_240' title='bbox 1172 3303 1239 3345; x_wconf 85' lang='lat' dir='ltr'><strong>runt</strong></span> <span class='ocrx_word' id='word_1_241' title='bbox 1261 3280 1405 3343; x_wconf 75' lang='lat' dir='ltr'><strong>rete-ribus</strong></span> 
     </span>
     <span class='ocr_line' id='line_1_26' title="bbox 245 3376 1405 3467; baseline -0.002 -21"><span class='ocrx_word' id='word_1_242' title='bbox 245 3383 384 3446; x_wconf 82' lang='lat' dir='ltr'><strong>centuriis</strong></span> <span class='ocrx_word' id='word_1_243' title='bbox 400 3383 439 3447; x_wconf 90' lang='lat' dir='ltr'><strong>ita</strong></span> <span class='ocrx_word' id='word_1_244' title='bbox 456 3384 622 3457; x_wconf 82' lang='lat' dir='ltr'><strong>coniunxit,</strong></span> <span class='ocrx_word' id='word_1_245' title='bbox 638 3394 669 3447; x_wconf 92' lang='lat' dir='ltr'><strong>ut</strong></span> <span class='ocrx_word' id='word_1_246' title='bbox 684 3385 839 3448; x_wconf 85' lang='lat' dir='ltr'><strong>hominum</strong></span> <span class='ocrx_word' id='word_1_247' title='bbox 855 3385 973 3467; x_wconf 73' lang='lat' dir='ltr'><strong>quiam</strong></span> <span class='ocrx_word' id='word_1_248' title='bbox 988 3403 1132 3446; x_wconf 82' lang='lat' dir='ltr'><strong>numerus</strong></span> <span class='ocrx_word' id='word_1_249' title='bbox 1146 3395 1309 3464; x_wconf 79' lang='lat' dir='ltr'><strong>augeretur.</strong></span> <span class='ocrx_word' id='word_1_250' title='bbox 1325 3376 1405 3464; x_wconf 83' lang='lat' dir='ltr'><strong>ipsa·</strong></span> 
     </span>
     <span class='ocr_line' id='line_1_27' title="bbox 246 3487 1405 3566; baseline -0.001 -16"><span class='ocrx_word' id='word_1_251' title='bbox 246 3505 313 3551; x_wconf 92' lang='lat' dir='ltr'><strong>mm</strong></span> <span class='ocrx_word' id='word_1_252' title='bbox 329 3495 427 3550; x_wconf 88' lang='lat' dir='ltr'><strong>autem</strong></span> <span class='ocrx_word' id='word_1_253' title='bbox 443 3487 640 3551; x_wconf 80' lang='lat' dir='ltr'><strong>centuriarum</strong></span> <span class='ocrx_word' id='word_1_254' title='bbox 655 3506 797 3551; x_wconf 89' lang='lat' dir='ltr'><strong>numoms</strong></span> <span class='ocrx_word' id='word_1_255' title='bbox 813 3488 888 3550; x_wconf 84' lang='lat' dir='ltr'><strong>idem</strong></span> <span class='ocrx_word' id='word_1_256' title='bbox 905 3497 1045 3550; x_wconf 77' lang='lat' dir='ltr'><strong>ruanerrt</strong></span> <span class='ocrx_word' id='word_1_257' title='bbox 1079 3487 1114 3547; x_wconf 88' lang='lat' dir='ltr'><strong>tii</strong></span> <span class='ocrx_word' id='word_1_258' title='bbox 1129 3495 1226 3548; x_wconf 85' lang='lat' dir='ltr'><strong>autem</strong></span> <span class='ocrx_word' id='word_1_259' title='bbox 1241 3505 1319 3566; x_wconf 78' lang='lat' dir='ltr'><strong>apros</strong></span> <span class='ocrx_word' id='word_1_260' title='bbox 1333 3505 1405 3549; x_wconf 86' lang='lat' dir='ltr'><strong>mn-</strong></span> 
     </span>
     <span class='ocr_line' id='line_1_28' title="bbox 247 3588 1407 3672; baseline -0.001 -20"><span class='ocrx_word' id='word_1_261' title='bbox 247 3589 405 3672; x_wconf 83' lang='lat' dir='ltr'><strong>scripserat</strong></span> <span class='ocrx_word' id='word_1_262' title='bbox 419 3590 542 3671; x_wconf 81' lang='lat' dir='ltr'><strong>etprites,</strong></span> <span class='ocrx_word' id='word_1_263' title='bbox 558 3592 737 3672; x_wconf 76' lang='lat' dir='ltr'><strong>posteriores</strong></span> <span class='ocrx_word' id='word_1_264' title='bbox 749 3593 791 3653; x_wconf 86' lang='grc' dir='ltr'><strong>ιϊΙ</strong></span> <span class='ocrx_word' id='word_1_265' title='bbox 808 3589 927 3652; x_wconf 73' lang='lat' dir='ltr'><strong>strumii</strong></span> <span class='ocrx_word' id='word_1_266' title='bbox 940 3589 1078 3663; x_wconf 76' lang='lat' dir='ltr'><strong>Ramnes,</strong></span> <span class='ocrx_word' id='word_1_267' title='bbox 1094 3588 1194 3664; x_wconf 80' lang='lat' dir='ltr'><strong>Tities,</strong></span> <span class='ocrx_word' id='word_1_268' title='bbox 1210 3590 1335 3653; x_wconf 45' lang='lat' dir='ltr'><strong>itunae-es</strong></span> <span class='ocrx_word' id='word_1_269' title='bbox 1346 3607 1407 3652; x_wconf 88' lang='lat' dir='ltr'><strong>mm</strong></span> 
     </span>
     <span class='ocr_line' id='line_1_29' title="bbox 248 3691 1407 3776; baseline 0.002 -24"><span class='ocrx_word' id='word_1_270' title='bbox 248 3699 402 3776; x_wconf 85' lang='lat' dir='ltr'><strong>propterea</strong></span> <span class='ocrx_word' id='word_1_271' title='bbox 418 3693 552 3774; x_wconf 81' lang='lat' dir='ltr'><strong>appellati</strong></span> <span class='ocrx_word' id='word_1_272' title='bbox 568 3703 647 3768; x_wconf 83' lang='lat' dir='ltr'><strong>sunt,</strong></span> <span class='ocrx_word' id='word_1_273' title='bbox 662 3694 746 3776; x_wconf 71' lang='lat' dir='ltr'><strong>«guasi</strong></span> <span class='ocrx_word' id='word_1_274' title='bbox 762 3711 822 3755; x_wconf 90' lang='lat' dir='ltr'><strong>non</strong></span> <span class='ocrx_word' id='word_1_275' title='bbox 836 3703 918 3755; x_wconf 88' lang='lat' dir='ltr'><strong>antea</strong></span> <span class='ocrx_word' id='word_1_276' title='bbox 930 3711 1050 3772; x_wconf 78' lang='lat' dir='ltr'><strong>quoqne</strong></span> <span class='ocrx_word' id='word_1_277' title='bbox 1061 3691 1091 3754; x_wconf 89' lang='lat' dir='ltr'><strong>in</strong></span> <span class='ocrx_word' id='word_1_278' title='bbox 1103 3691 1272 3766; x_wconf 82' lang='lat' dir='ltr'><strong>itamnium,</strong></span> <span class='ocrx_word' id='word_1_279' title='bbox 1287 3692 1407 3756; x_wconf 84' lang='lat' dir='ltr'><strong>Titium.</strong></span> 
     </span>
     <span class='ocr_line' id='line_1_30' title="bbox 248 3794 1459 3878; baseline -0.002 -19"><span class='ocrx_word' id='word_1_280' title='bbox 248 3797 394 3860; x_wconf 81' lang='lat' dir='ltr'><strong>Lucerum</strong></span> <span class='ocrx_word' id='word_1_281' title='bbox 409 3795 543 3858; x_wconf 84' lang='lat' dir='ltr'><strong>tribubus</strong></span> <span class='ocrx_word' id='word_1_282' title='bbox 558 3795 697 3872; x_wconf 84' lang='lat' dir='ltr'><strong>tuissent;</strong></span> <span class='ocrx_word' id='word_1_283' title='bbox 716 3797 766 3860; x_wconf 77' lang='lat' dir='ltr'><strong>sat</strong></span> <span class='ocrx_word' id='word_1_284' title='bbox 788 3814 878 3878; x_wconf 80' lang='lat' dir='ltr'><strong>quma</strong></span> <span class='ocrx_word' id='word_1_285' title='bbox 900 3794 1005 3875; x_wconf 79' lang='lat' dir='ltr'><strong>‹itrptex</strong></span> <span class='ocrx_word' id='word_1_286' title='bbox 1021 3795 1080 3858; x_wconf 87' lang='lat' dir='ltr'><strong>iarn</strong></span> <span class='ocrx_word' id='word_1_287' title='bbox 1095 3795 1125 3858; x_wconf 93' lang='lat' dir='ltr'><strong>in</strong></span> <span class='ocrx_word' id='word_1_288' title='bbox 1140 3814 1318 3878; x_wconf 80' lang='lat' dir='ltr'><strong>unaquaque</strong></span> <span class='ocrx_word' id='word_1_289' title='bbox 1332 3795 1409 3858; x_wconf 83' lang='lat' dir='ltr'><strong>tribu</strong></span> <span class='ocrx_word' id='word_1_290' title='bbox 1457 3860 1459 3863; x_wconf 69' lang='grc'><strong>,</strong></span> 
     </span>
     <span class='ocr_line' id='line_1_31' title="bbox 249 3898 1409 3980; baseline 0.003 -19"><span class='ocrx_word' id='word_1_291' title='bbox 249 3917 342 3980; x_wconf 79' lang='lat' dir='ltr'><strong>gentis</strong></span> <span class='ocrx_word' id='word_1_292' title='bbox 356 3898 488 3980; x_wconf 82' lang='lat' dir='ltr'><strong>eqttitum</strong></span> <span class='ocrx_word' id='word_1_293' title='bbox 504 3900 611 3962; x_wconf 79' lang='lat' dir='ltr'><strong>iactum</strong></span> <span class='ocrx_word' id='word_1_294' title='bbox 628 3909 714 3976; x_wconf 76' lang='lat' dir='ltr'><strong>esset,</strong></span> <span class='ocrx_word' id='word_1_295' title='bbox 729 3900 851 3964; x_wconf 80' lang='lat' dir='ltr'><strong>altemm</strong></span> <span class='ocrx_word' id='word_1_296' title='bbox 863 3917 977 3970; x_wconf 87' lang='lat' dir='ltr'><strong>eorum,</strong></span> <span class='ocrx_word' id='word_1_297' title='bbox 993 3899 1043 3979; x_wconf 73' lang='lat' dir='ltr'><strong>«pri</strong></span> <span class='ocrx_word' id='word_1_298' title='bbox 1055 3898 1123 3961; x_wconf 87' lang='lat' dir='ltr'><strong>imtr</strong></span> <span class='ocrx_word' id='word_1_299' title='bbox 1135 3899 1173 3960; x_wconf 85' lang='lat' dir='ltr'><strong>ab</strong></span> <span class='ocrx_word' id='word_1_300' title='bbox 1184 3899 1269 3962; x_wconf 88' lang='lat' dir='ltr'><strong>initio</strong></span> <span class='ocrx_word' id='word_1_301' title='bbox 1285 3901 1409 3967; x_wconf 81' lang='lat' dir='ltr'><strong>turmot.</strong></span> 
     </span>
     <span class='ocr_line' id='line_1_32' title="bbox 249 4001 1462 4086; baseline -0.004 -21"><span class='ocrx_word' id='word_1_302' title='bbox 249 4003 373 4066; x_wconf 87' lang='lat' dir='ltr'><strong>atterum</strong></span> <span class='ocrx_word' id='word_1_303' title='bbox 392 4019 495 4066; x_wconf 89' lang='lat' dir='ltr'><strong>eorum</strong></span> <span class='ocrx_word' id='word_1_304' title='bbox 516 4021 593 4083; x_wconf 82' lang='lat' dir='ltr'><strong>quos</strong></span> <span class='ocrx_word' id='word_1_305' title='bbox 612 4001 790 4085; x_wconf 80' lang='lat' dir='ltr'><strong>Tarquinius</strong></span> <span class='ocrx_word' id='word_1_306' title='bbox 810 4003 931 4082; x_wconf 78' lang='lat' dir='ltr'><strong>legerat,</strong></span> <span class='ocrx_word' id='word_1_307' title='bbox 950 4001 1068 4082; x_wconf 80' lang='lat' dir='ltr'><strong>utrique</strong></span> <span class='ocrx_word' id='word_1_308' title='bbox 1088 4002 1163 4065; x_wconf 83' lang='lat' dir='ltr'><strong>inter</strong></span> <span class='ocrx_word' id='word_1_309' title='bbox 1182 4023 1214 4065; x_wconf 84' lang='lat' dir='ltr'><strong>se</strong></span> <span class='ocrx_word' id='word_1_310' title='bbox 1229 4003 1285 4066; x_wconf 84' lang='lat' dir='ltr'><strong>ista</strong></span> <span class='ocrx_word' id='word_1_311' title='bbox 1301 4002 1410 4086; x_wconf 78' lang='lat' dir='ltr'><strong>gratius</strong></span> <span class='ocrx_word' id='word_1_312' title='bbox 1431 4013 1462 4064; x_wconf 91' lang='lat' dir='ltr'><strong>to</strong></span> 
     </span>
     <span class='ocr_line' id='line_1_33' title="bbox 248 4105 921 4188; baseline 0.001 -20"><span class='ocrx_word' id='word_1_313' title='bbox 248 4115 278 4170; x_wconf 90' lang='lat' dir='ltr'><strong>et</strong></span> <span class='ocrx_word' id='word_1_314' title='bbox 292 4105 417 4169; x_wconf 83' lang='lat' dir='ltr'><strong>honoris</strong></span> <span class='ocrx_word' id='word_1_315' title='bbox 432 4105 643 4186; x_wconf 80' lang='lat' dir='ltr'><strong>signitiratiooe</strong></span> <span class='ocrx_word' id='word_1_316' title='bbox 659 4105 921 4188; x_wconf 75' lang='lat' dir='ltr'><strong>distinguebantur,</strong></span> 
     </span>
     <span class='ocr_line' id='line_1_34' title="bbox 335 4208 1412 4293; baseline -0.001 -21"><span class='ocrx_word' id='word_1_317' title='bbox 335 4209 388 4274; x_wconf 83' lang='lat' dir='ltr'><strong>nis</strong></span> <span class='ocrx_word' id='word_1_318' title='bbox 403 4208 546 4274; x_wconf 81' lang='lat' dir='ltr'><strong>absolutio</strong></span> <span class='ocrx_word' id='word_1_319' title='bbox 561 4209 705 4293; x_wconf 80' lang='lat' dir='ltr'><strong>reliquum</strong></span> <span class='ocrx_word' id='word_1_320' title='bbox 720 4219 765 4274; x_wconf 89' lang='lat' dir='ltr'><strong>ost</strong></span> <span class='ocrx_word' id='word_1_321' title='bbox 780 4219 813 4272; x_wconf 93' lang='lat' dir='ltr'><strong>ut</strong></span> <span class='ocrx_word' id='word_1_322' title='bbox 827 4209 872 4274; x_wconf 80' lang='lat' dir='ltr'><strong>itta</strong></span> <span class='ocrx_word' id='word_1_323' title='bbox 886 4209 1099 4283; x_wconf 79' lang='lat' dir='ltr'><strong>examinemus,</strong></span> <span class='ocrx_word' id='word_1_324' title='bbox 1115 4209 1223 4292; x_wconf 80' lang='lat' dir='ltr'><strong>quibus</strong></span> <span class='ocrx_word' id='word_1_325' title='bbox 1235 4210 1412 4275; x_wconf 76' lang='lat' dir='ltr'><strong>Nieirrtirrius</strong></span> 
     </span>
     <span class='ocr_line' id='line_1_35' title="bbox 251 4312 1412 4398; baseline -0.001 -21"><span class='ocrx_word' id='word_1_326' title='bbox 251 4313 281 4377; x_wconf 91' lang='lat' dir='ltr'><strong>in</strong></span> <span class='ocrx_word' id='word_1_327' title='bbox 295 4313 384 4378; x_wconf 81' lang='lat' dir='ltr'><strong>altaro</strong></span> <span class='ocrx_word' id='word_1_328' title='bbox 398 4313 434 4377; x_wconf 88' lang='lat' dir='ltr'><strong>ii.</strong></span> <span class='ocrx_word' id='word_1_329' title='bbox 447 4315 481 4377; x_wconf 89' lang='lat' dir='ltr'><strong>n.</strong></span> <span class='ocrx_word' id='word_1_330' title='bbox 497 4313 625 4379; x_wconf 82' lang='lat' dir='ltr'><strong>editione</strong></span> <span class='ocrx_word' id='word_1_331' title='bbox 639 4317 765 4398; x_wconf 84' lang='lat' dir='ltr'><strong>probare</strong></span> <span class='ocrx_word' id='word_1_332' title='bbox 779 4324 902 4380; x_wconf 83' lang='lat' dir='ltr'><strong>conatus</strong></span> <span class='ocrx_word' id='word_1_333' title='bbox 916 4323 975 4390; x_wconf 83' lang='lat' dir='ltr'><strong>eat,</strong></span> <span class='ocrx_word' id='word_1_334' title='bbox 999 4313 1029 4378; x_wconf 92' lang='lat' dir='ltr'><strong>in</strong></span> <span class='ocrx_word' id='word_1_335' title='bbox 1048 4312 1178 4378; x_wconf 82' lang='lat' dir='ltr'><strong>comitiis</strong></span> <span class='ocrx_word' id='word_1_336' title='bbox 1197 4324 1275 4378; x_wconf 82' lang='lat' dir='ltr'><strong>uerte</strong></span> <span class='ocrx_word' id='word_1_337' title='bbox 1294 4313 1412 4379; x_wconf 66' lang='lat' dir='ltr'><strong>montis</strong></span> 
     </span>
     <span class='ocr_line' id='line_1_36' title="bbox 250 4405 1412 4503; baseline 0 -23"><span class='ocrx_word' id='word_1_338' title='bbox 250 4416 338 4481; x_wconf 87' lang='lat' dir='ltr'><strong>etiam</strong></span> <span class='ocrx_word' id='word_1_339' title='bbox 352 4435 456 4500; x_wconf 74' lang='lat' dir='ltr'><strong>regum</strong></span> <span class='ocrx_word' id='word_1_340' title='bbox 471 4427 564 4482; x_wconf 73' lang='lat' dir='ltr'><strong>naute</strong></span> <span class='ocrx_word' id='word_1_341' title='bbox 578 4421 660 4485; x_wconf 79' lang='lat' dir='ltr'><strong>solos</strong></span> <span class='ocrx_word' id='word_1_342' title='bbox 674 4405 813 4503; x_wconf 75' lang='lat' dir='ltr'><strong>patricios¹</strong></span> <span class='ocrx_word' id='word_1_343' title='bbox 828 4417 1000 4500; x_wconf 76' lang='lat' dir='ltr'><strong>suffragium</strong></span> <span class='ocrx_word' id='word_1_344' title='bbox 1014 4417 1164 4482; x_wconf 70' lang='lat' dir='ltr'><strong>tietmare.</strong></span> <span class='ocrx_word' id='word_1_345' title='bbox 1202 4418 1301 4483; x_wconf 89' lang='lat' dir='ltr'><strong>Utitur</strong></span> <span class='ocrx_word' id='word_1_346' title='bbox 1315 4431 1412 4483; x_wconf 81' lang='lat' dir='ltr'><strong>autem</strong></span> 
     </span>
    </p>
   </div>
   <div class='ocr_carea' id='block_1_3' title="bbox 253 4661 1415 4833">
    <p class='ocr_par' dir='ltr' id='par_1_3' title="bbox 253 4661 1415 4833">
     <span class='ocr_line' id='line_1_37' title="bbox 319 4661 1415 4734; baseline 0.001 -18"><span class='ocrx_word' id='word_1_347' title='bbox 319 4663 345 4729; x_wconf 75' lang='lat' dir='ltr'><strong>i)</strong></span> <span class='ocrx_word' id='word_1_348' title='bbox 364 4661 447 4717; x_wconf 79' lang='lat' dir='ltr'><strong>Etioru</strong></span> <span class='ocrx_word' id='word_1_349' title='bbox 460 4663 583 4734; x_wconf 75' lang='lat' dir='ltr'><strong>primores</strong></span> <span class='ocrx_word' id='word_1_350' title='bbox 594 4665 684 4734; x_wconf 74' lang='lat' dir='ltr'><strong>plebia,</strong></span> <span class='ocrx_word' id='word_1_351' title='bbox 696 4681 744 4717; x_wconf 82' lang='lat' dir='ltr'><strong>m</strong></span> <span class='ocrx_word' id='word_1_352' title='bbox 758 4665 837 4718; x_wconf 79' lang='lat' dir='ltr'><strong>roiam</strong></span> <span class='ocrx_word' id='word_1_353' title='bbox 849 4663 980 4734; x_wconf 64' lang='lat' dir='ltr'><strong>ptrioina,</strong></span> <span class='ocrx_word' id='word_1_354' title='bbox 991 4664 1098 4717; x_wconf 74' lang='lat' dir='ltr'><strong>clientes</strong></span> <span class='ocrx_word' id='word_1_355' title='bbox 1109 4679 1170 4716; x_wconf 79' lang='lat' dir='ltr'><strong>auor</strong></span> <span class='ocrx_word' id='word_1_356' title='bbox 1183 4663 1300 4717; x_wconf 65' lang='lat' dir='ltr'><strong>nebeim</strong></span> <span class='ocrx_word' id='word_1_357' title='bbox 1309 4670 1415 4734; x_wconf 68' lang='lat' dir='ltr'><strong>apparet</strong></span> 
     </span>
     <span class='ocr_line' id='line_1_38' title="bbox 253 4749 707 4833; baseline 0.007 -30"><span class='ocrx_word' id='word_1_358' title='bbox 253 4751 294 4803; x_wconf 81' lang='lat' dir='ltr'><strong>ret</strong></span> <span class='ocrx_word' id='word_1_359' title='bbox 307 4765 340 4804; x_wconf 76' lang='lat' dir='ltr'><strong>rx</strong></span> <span class='ocrx_word' id='word_1_360' title='bbox 351 4749 426 4804; x_wconf 69' lang='lat' dir='ltr'><strong>livio</strong></span> <span class='ocrx_word' id='word_1_361' title='bbox 437 4749 481 4833; x_wconf 77' lang='lat' dir='ltr'><strong>iv,</strong></span> <span class='ocrx_word' id='word_1_362' title='bbox 493 4749 566 4822; x_wconf 75' lang='lat'>1³,2,</span> <span class='ocrx_word' id='word_1_363' title='bbox 584 4751 616 4806; x_wconf 79' lang='lat' dir='ltr'><strong>ei.</strong></span> <span class='ocrx_word' id='word_1_364' title='bbox 632 4753 672 4820; x_wconf 76' lang='lat' dir='ltr'><strong>to,</strong></span> <span class='ocrx_word' id='word_1_365' title='bbox 681 4752 707 4806; x_wconf 74' lang='grc'><strong>6.</strong></span> 
     </span>
    </p>
   </div>
   <div class='ocr_carea' id='block_1_4' title="bbox 0 0 1913 5609">
    <p class='ocr_par' dir='ltr' id='par_1_4' title="bbox 0 0 1913 5609">
     <span class='ocr_line' id='line_1_39' title="bbox 0 0 1913 5609; baseline 0 0"><span class='ocrx_word' id='word_1_366' title='bbox 0 0 1913 5609; x_wconf 95' lang='lat' dir='ltr'><strong> </strong></span> 
     </span>
    </p>
   </div>
  </div>
 </body>
</html>
