3792 5609
955 836 1016 901 ¹80

881 926 964 935 --——.
1016 924 1086 934 ...n-

395 1032 600 1097 duodenarios
615 1046 756 1094 numeros
771 1027 810 1089 ito
825 1024 903 1089 inter
917 1045 951 1086 se
967 1024 1149 1099 cohaesisse,
1165 1034 1199 1090 ut
1211 1027 1346 1109 pteruioe
1358 1028 1490 1111 singulae
1502 1029 1566 1091 sin·

394 1135 536 1215 gulomm
553 1131 731 1212 ergsgeidomm
747 1138 849 1191 essent
860 1126 986 1202 incolum
1000 1147 1069 1191 unm
1083 1128 1208 1191 lrnbitnri
1221 1131 1365 1212 ernoldum
1377 1150 1439 1195 non
1451 1140 1567 1213 poterut

394 1236 438 1298 eb
457 1234 642 1308 lroerrinibns,
661 1234 712 1316 qui
731 1250 838 1294 omnes
858 1229 935 1292 idem
951 1229 1025 1291 rime
1039 1250 1133 1311 genus
1149 1243 1357 1314 sequerentur,
1378 1236 1429 1298 sed
1447 1254 1567 1299 necesse

393 1346 461 1399 eret
477 1336 576 1399 omnia
591 1334 861 1417 comprehenderet.
890 1332 979 1395 blultn
994 1334 1114 1415 quidem
1130 1336 1329 1401 llnttmnuuus
1345 1338 1505 1414 subtiliter,
1526 1336 1567 1402 uti

394 1439 528 1514 sole-bnt,
547 1431 736 1501 restituentes
755 1445 816 1511 est,
836 1434 945 1517 quibus
965 1454 1031 1498 eoru
1052 1436 1253 1503 diliieultntem
1274 1452 1451 1517 remunerem
1476 1442 1568 1505 rideri

394 1550 542 1623 quattuor
564 1542 661 1605 tribus
684 1547 826 1623 quattuor
844 1537 976 1599 dirersns
1002 1539 1131 1603 eolnisse
1149 1542 1300 1623 regiones,
1326 1562 1416 1608 uunnr
1435 1545 1569 1609 Dinrridn

394 1644 462 1707 sire
481 1644 563 1707 littus
582 1644 725 1707 orientem
747 1660 850 1707 sersus
870 1649 1008 1722 sleeetnus
1029 1642 1105 1705 inter
1119 1644 1303 1725 Cynosuram
1323 1658 1352 1711 et
1367 1648 1569 1727 Sunium³²l,

396 1748 521 1811 atteram
540 1748 685 1812 Crnnuidn
707 1747 768 1810 sire
787 1754 930 1809 rrroutnnn
953 1744 1064 1809 dttiene
1083 1746 1161 1821 loen,
1181 1750 1296 1813 tertium
1313 1747 1431 1813 dttlridn
1448 1772 1472 1815 s.
1487 1752 1569 1815 littus
1582 1736 1600 1758 '

287 1914 300 1939 ‚
395 1853 534 1927 nustrule,
548 1863 683 1934 qunrtnm
695 1852 879 1933 blesogoenm
895 1870 919 1913 s.
932 1849 1145 1913 mediterrnuen
1161 1850 1225 1915 loen
1237 1852 1399 1930 leobinussm
1413 1855 1569 1935 regionum

396 1958 545 2019 diuersum
566 1968 704 2020 uotorum
724 1954 813 2019 etium
833 1954 938 2019 ineolis
959 1952 1108 2017 dirersum
1129 1952 1204 2018 ritue
1219 1976 1312 2037 genus
1328 1958 1570 2034 corrrmendnssm

396 2059 552 2145 probabile
565 2082 634 2124 esse
648 2061 699 2144 qui
714 2060 900 2143 blesognenm
915 2058 1082 2122 lubitnrent
1096 2078 1184 2141 egros
1199 2061 1341 2137 uoluisse,
1363 2061 1413 2145 egui
1428 2061 1570 2125 Crnnuide

397 2163 590 2248 genetur-icium
610 2184 674 2229 rem
694 2164 815 2241 troisse,
835 2162 886 2246 qui
901 2162 1050 2237 llinrrido,
1071 2163 1207 2246 opitiees,
1227 2166 1277 2249 md
1293 2166 1424 2240 dttbidn,
1441 2165 1570 2249 boplitos

398 2268 506 2345 suisse3
525 2269 564 2333 nb
580 2270 655 2333 ritne
674 2278 773 2333 nutem
789 2288 910 2351 gruere,
931 2268 1012 2350 quod
1027 2268 1124 2331 maior
1139 2268 1289 2333 tribulium
1304 2290 1374 2353 pore
1390 2279 1571 2352 sequeretur,

400 2371 511 2436 tribum
531 2394 599 2437 esse
621 2372 747 2448 «lictum,
773 2381 803 2435 et
821 2381 962 2455 gerentone
982 2371 1037 2433 lllis
1057 2371 1227 2452 regionibus
1243 2372 1379 2437 debuisse
1393 2374 1445 2435 Xll
1461 2374 1570 2456 oprddn

400 2476 555 2539 contineri.
578 2476 658 2539 lloee
672 2475 732 2549 itte,
746 2476 799 2538 sed
814 2476 867 2537 uni
882 2474 924 2536 rei
939 2490 1001 2535 non
1014 2474 1136 2537 nrlrertit
1149 2476 1291 2552 unionum,
1306 2496 1363 2559 erun
1375 2476 1475 2540 omnin
1488 2495 1571 2539 erer-

400 2589 518 2656 tontur,
538 2588 606 2642 unte
622 2598 711 2663 eruum
726 2578 801 2641 bueo
815 2576 925 2661 oplridn
940 2576 970 2639 iu
987 2595 1077 2640 unum
1094 2577 1237 2643 riritotem
1254 2580 1517 2661 coniungerentur,
1534 2596 1571 2641 nee

351 2696 380 2748 tt
402 2682 538 2764 potuisse
558 2682 679 2765 nitidem
696 2681 872 2745 diuisionem
888 2679 1017 2755 institui,
1036 2700 1112 2763 errrore
1133 2681 1194 2743 sire
1209 2682 1319 2746 dttiroe
1340 2682 1431 2747 totius
1447 2682 1508 2747 sire
1524 2682 1571 2745 in·

401 2788 532 2849 reiorum
548 2788 685 2850 omnium
700 2792 812 2848 esset.“
839 2784 902 2866 Ego
921 2803 993 2847 rero
1014 2802 1103 2865 quum
1119 2786 1192 2850 bueo
1206 2786 1334 2849 obieetio
1350 2787 1407 2850 rien
1424 2788 1529 2851 linirent
1543 2797 1572 2849 et

401 2890 555 2971 quoruodo
575 2890 675 2954 orrruin
693 2896 817 2961 erertnt,
837 2888 923 2969 plene
941 2905 1004 2950 nou
1024 2886 1162 2970 intedigo.
1190 2889 1312 2953 Etinursi
1329 2890 1407 2954 enim
1423 2890 1517 2954 tribus
1533 2910 1570 2951 eo

402 2994 521 3076 quidem
540 3013 646 3068 sensu,
671 3002 705 3056 ut
723 3001 823 3075 portes
843 2991 902 3054 sint
921 2989 1012 3053 unius
1032 2991 1171 3069 eiritntis,
1197 3014 1264 3056 esse
1284 3012 1345 3057 uon
1361 3001 1490 3075 pessunt
1504 3003 1571 3057 unte

403 3115 492 3177 quum
508 3096 608 3160 uiriles
623 3096 689 3177 ipsu
704 3094 859 3169 eonluerit,
875 3103 1005 3176 possunt
1020 3104 1117 3158 turonen
1134 3098 1267 3176 proiecto
1282 3096 1383 3179 populi
1398 3096 1485 3159 etium
1502 3106 1570 3159 unte

402 3219 492 3280 elerum
510 3200 542 3263 iu
560 3219 651 3263 unnur
673 3198 818 3262 riritntem
839 3196 1038 3278 coniungetur
1052 3206 1151 3280 portes
1168 3198 1311 3281 quonium
1328 3219 1395 3262 esse
1411 3199 1570 3280 exquibus

402 3304 598 3383 postmodum
625 3302 722 3365 tribus
741 3301 877 3364 existunt.
912 3300 954 3362 ltu
975 3299 1063 3381 igitur
1083 3300 1146 3363 lieri
1165 3302 1244 3364 boud
1265 3302 1353 3365 dubie
1371 3302 1470 3384 potuit
1488 3311 1522 3365 ut
1540 3302 1570 3364 in

285 3429 290 3436 ·
402 3406 511 3480 dttien,
539 3403 791 3487 egueurndnrodum
809 3411 916 3478 terroe,
941 3401 986 3465 sio
1011 3402 1099 3465 etium
1123 3402 1287 3467 ineolmum
1312 3413 1453 3486 qunttuor
1472 3413 1572 3467 esseut

403 3518 502 3588 portes
517 3508 658 3584 diversae,
669 3525 795 3590 «guarum
811 3504 842 3567 iu
857 3504 912 3567 ulio
927 3505 1046 3585 plurimi
1062 3496 1214 3590 ὅπλητες,
1230 3506 1260 3569 iu
1273 3506 1326 3571 ulie
1339 3508 1457 3589 {elurimi
1469 3497 1572 3591 ἀργα-

405 3605 487 3687 ὄεῖς,
513 3610 544 3673 ἰιι
564 3612 619 3675 alin
641 3610 760 3693 plurimi
780 3599 975 3692 αἶγικορεῖς,
999 3608 1029 3671 iu
1048 3608 1102 3671 ulie
1123 3606 1249 3689 denique
1268 3608 1387 3691 plurimi
1408 3603 1574 3692 γελὲοπες

405 3723 517 3787 essem,
543 3714 712 3797 quicunque
738 3712 858 3776 demum
885 3711 946 3773 sint
971 3709 1022 3793 qui
1049 3712 1108 3775 boc
1133 3710 1256 3774 nomine
1281 3712 1474 3792 appellentur.
1511 3713 1571 3777 lom

407 3823 598 3895 postoequmu
620 3817 652 3879 iu
671 3832 763 3878 uuam
785 3832 890 3877 omnes
910 3812 1055 3876 civitatem
1072 3812 1257 3889 eoelueront,
1277 3831 1370 3894 eruum
1385 3831 1421 3877 ex
1437 3814 1573 3878 diseretis

408 3925 492 3977 untes
511 3916 646 3997 portibus
666 3916 756 3979 unius
771 3916 895 3979 oiritntiu
910 3914 1006 3978 tribus
1021 3917 1126 3979 iterent
1140 3916 1320 3999 nomineque
1336 3935 1390 3978 suu
1405 3915 1511 3998 cuique
1526 3917 1574 3979 iu·

409 4011 563 4090 nereum,
582 4037 643 4081 nou
662 4018 810 4082 dissonum
829 4036 902 4081 snue
922 4016 978 4080 luit
997 4036 1089 4080 unum
1104 4036 1253 4099 quormque
1272 4017 1380 4080 tribum
1399 4019 1574 4081 eonomine

406 4116 552 4196 tprmbmi,
567 4138 626 4200 quo
640 4118 809 4191 bominum,
825 4120 876 4202 egui
891 4120 1032 4192 inessent,
1049 4120 1248 4203 plurimorum
1261 4118 1336 4181 vitoe
1349 4136 1444 4200 genus
1457 4129 1488 4182 et
1498 4139 1573 4184 oon·

408 4214 479 4278 ditio
498 4218 719 4299 significaretur.
751 4222 854 4305 ltaque
873 4220 900 4283 si
920 4230 1035 4286 statues
1056 4216 1228 4305 ysts'onoe
1246 4220 1363 4285 nobiles
1382 4240 1447 4284 esse
1467 4222 1573 4285 veteris

408 4314 565 4401 t'eeropiee
576 4323 679 4403 gentis,
689 4343 812 4405 meoque
823 4324 1006 4388 nobilitatem
1019 4324 1050 4386 iu
1061 4324 1132 4388 dete
1144 4326 1314 4408 plerumque
1325 4322 1411 4386 sedes
1422 4322 1574 4400 habuisse,

411 4420 508 4500 potuit
521 4440 593 4486 sene
607 4418 781 4507 γελεόντων
795 4427 890 4491 tribru
905 4446 940 4490 ee
955 4426 1064 4504 rooeri,
1079 4445 1154 4509 quoe
1163 4429 1252 4490 Aetne
1266 4424 1379 4509 insoles
1394 4426 1573 4507 compleue-

409 4518 508 4596 bntur,
528 4523 594 4587 lieet
607 4543 792 4608 nequaquem
807 4528 838 4591 bi
852 4547 958 4593 onrues
972 4528 1088 4593 nobiles
1103 4538 1216 4606 essent,
1238 4526 1290 4591 sed
1305 4526 1390 4591 multi
1405 4527 1494 4591 etiem
1509 4530 1573 4611 ple-

410 4620 470 4685 beii
483 4624 605 4705 opilieee
615 4627 808 4709 etngrieolue:
822 4648 914 4712 porro
929 4630 956 4695 si
966 4630 1059 4695 Xuthi
1069 4630 1173 4715 populi
1183 4628 1323 4695 nobilitas
1334 4629 1482 4708 bellicose,
1497 4647 1573 4712 quoe

414 4771 709 4789 *σι-Μ..

477 4841 521 4909 di)
538 4842 608 4897 liner
618 4846 651 4898 ts
662 4844 786 4900 neentis
797 4849 850 4902 ritu
860 4852 944 4922 opinio
956 4853 1021 4907 inlu
1031 4860 1081 4909 est.
1099 4853 1157 4909 vtt.
1169 4854 1201 4908 ds
1213 4853 1299 4909 euenit.
1310 4851 1403 4907 Athen.
1414 4869 1439 4925 p.
1452 4850 1511 4907 ³4³.
