3792 5609
890 743 1092 844 .ss..3„¹.⁴.--
1192 743 1198 756 '

412 935 536 1000 stitisse.
570 935 630 999 Sed
655 953 748 1016 quum
772 933 803 996 in
827 933 930 996 ‹ieeem
952 933 1033 998 houd
1054 933 1181 1016 nsiqdius
1201 933 1336 998 deeuries
1356 933 1467 998 iudices
1486 927 1582 996 sexies

412 1041 491 1103 mide
505 1039 761 1111 distribuerentur,
783 1057 905 1100 neeesse
919 1046 983 1100 emt
999 1039 1077 1102 esitio
1093 1057 1260 1120 superesse,
1277 1058 1354 1120 quos
1370 1039 1433 1102 idne
1447 1036 1583 1101 decuriae

412 1164 475 1207 mm
483 1143 775 1225 miseereeenderent
796 1143 837 1204 lie
849 1142 907 1217 his,
917 1143 1061 1225 quonium
1073 1153 1202 1206 setentm
1212 1143 1392 1226 seriptoeum
1405 1141 1583 1206 testimoniis

412 1244 1583 1330 qdmmdestituimm,eenieetummedineelieeisit,qneotuiihiqnidemveeisimii-

412 1349 482 1413 Iimo
494 1371 561 1413 esse
573 1351 696 1414 videtne.
711 1349 848 1413 drisitrm·
857 1349 936 1412 enim
949 1352 1007 1413 eos
1019 1351 1199 1432 ediquornm
1211 1350 1296 1432 quusi
1308 1349 1432 1413 eiemies
1444 1349 1536 1412 tuisse
1547 1347 1584 1411 ud

413 1454 635 1535 eooqdendom,
653 1453 679 1516 si
698 1473 776 1536 equus
791 1463 884 1527 esset,
907 1452 1086 1516 iudiciorum
1103 1452 1307 1536 [sequentium.
1334 1453 1401 1516 Non
1418 1471 1487 1516 mee
1506 1450 1585 1514 enim
1636 1446 1641 1455 “

414 1556 546 1620 occidere
560 1558 727 1641 oportebat,
740 1567 772 1620 ut
787 1557 1035 1638 infrequentiores
1051 1557 1187 1620 decuriae
1197 1557 1226 1619 in
1238 1559 1303 1620 iore
1314 1556 1462 1629 adessent,
1476 1565 1505 1618 et
1513 1571 1587 1637 que·

415 1669 482 1741 pter
492 1660 667 1724 mmmmm
680 1661 846 1742 insertisque
855 1679 956 1730 enses,
971 1668 1001 1722 et
1012 1669 1134 1742 qmqtter
1144 1659 1256 1741 primm
1268 1659 1452 1740 singulorum
1463 1656 1589 1738 negotiu,

414 1773 445 1826 et
454 1764 763 1846 miqmislienedeniqne
770 1782 868 1837 essese,
879 1761 1027 1845 inqmimis
1040 1773 1163 1845 propter
1174 1763 1317 1826 miiitiem.
1330 1762 1415 1826 Tune
1425 1761 1590 1844 igiturquot

416 1853 472 1928 itis
487 1867 637 1942 deessent,
653 1878 697 1930 tot
710 1888 746 1932 ex
760 1867 808 1931 iuis
824 1875 978 1928 assuentes
994 1885 1063 1928 esse
1078 1867 1220 1940 eoniieio,
1235 1875 1270 1930 ut
1284 1867 1431 1949 legitimus
1446 1884 1589 1928 eumenis
1654 1901 1656 1906 ·

417 1971 560 2035 emdeeet.
576 1971 686 2034 samo
699 1973 757 2034 iere
769 1968 971 2034 estdiottiuieei
982 1971 1137 2042 sententie,
1148 1971 1185 2033 de
1197 1969 1399 2052 imiieqedd'd,
1410 1989 1590 2052 quemqueen

419 2071 1591 2158 isidmmieeurineumdesesiptioeemmmugttmit,sedimiieioiise.dicesterisi

418 2178 522 2241 deoem
543 2181 666 2244 omnino
688 2177 780 2242 tuisse
800 2177 917 2251 statuit,
939 2177 969 2240 in
989 2196 1117 2258 tusorum
1139 2177 1263 2259 singuiis
1283 2177 1422 2260 quingeni
1440 2178 1499 2239 iere
1513 2175 1591 2238 iudi-

362 2287 402 2342 ²⁴
422 2290 539 2356 nerent,
565 2302 600 2345 ex
628 2281 765 2344 nois-erse
786 2281 984 2344 ttetioseoum
1009 2281 1196 2344 nndtitmtiue
1215 2291 1295 2344 sorte
1315 2280 1402 2363 copti.
1440 2281 1536 2361 aitque
1556 2279 1593 2342 de

420 2384 600 2447 iudiciumne
616 2385 736 2466 quidese
751 2403 876 2448 iuuenem
888 2393 1040 2446 eeetmem
1058 2383 1192 2464 sequitur
1207 2385 1307 2447 Sciml.
1323 2383 1343 2446 2
1359 2383 1394 2449 nd
1411 2383 1499 2446 Arist.
1515 2383 1592 2445 l‘tot.

420 2488 483 2548 277
500 2487 577 2564 (eid.
593 2487 725 2568 Caedi)
742 2487 827 2549 euius
843 2487 945 2568 eminio
961 2505 995 2548 ex
1013 2505 1073 2566 quo
1090 2487 1170 2548 iente
1185 2485 1300 2548 disserit
1314 2503 1393 2548 nune
1408 2486 1466 2548 inm
1482 2485 1592 2548 nemini

420 2589 584 2652 obscenum
604 2590 669 2653 etit.
703 2590 778 2652 Num
799 2608 892 2670 quum
912 2587 1039 2651 sieseieet
1060 2581 1278 2673 δικαστήριον
1296 2606 1356 2649 non
1376 2589 1473 2650 sisium
1492 2589 1591 2650 lecum

424 2691 523 2755 iudicii
539 2693 708 2774 designem,
729 2694 782 2755 sed
797 2693 885 2754 etiem
902 2691 1031 2754 iudieum
1049 2691 1213 2766 deomiem,
1233 2691 1293 2752 tieei
1310 2709 1371 2752 uon
1385 2691 1496 2773 potuit,
1511 2690 1593 2772 quin,

422 2814 499 2878 quse
514 2795 552 2857 de
566 2796 754 2860 decuriorum
769 2813 894 2858 seuuemo
909 2793 1021 2875 seeiptn
1037 2795 1142 2858 eiieubi
1158 2797 1275 2876 iegemt,
1293 2794 1323 2856 iu
1339 2793 1502 2864 diensteris,
1518 2812 1595 2874 quse

424 2898 545 2980 proprie.
560 2898 707 2972 dieentm,
724 2899 894 2961 transtinet
908 2907 996 2977 etque
1012 2897 1050 2960 itu
1066 2898 1166 2961 eumin
1183 2897 1377 2980 perturbaret

511 3003 582 3082 (loqu.
599 3000 660 3064 Xli.
689 3001 777 3076 Quod
793 3011 890 3064 nutem
906 2999 1080 3062 dintthimms
1096 3001 1163 3063 dieii
1181 3001 1346 3082 quingenos
1362 3002 1421 3062 sere
1436 2999 1547 3062 iudices
1564 2998 1593 3062 in

423 3101 549 3182 singuiis
564 3101 680 3165 iudiciis·
693 3103 849 3174 imiimsse,
864 3103 893 3164 id
905 3123 960 3182 ego
971 3102 1010 3164 ite
1021 3121 1120 3165 vetum
1131 3123 1197 3165 esse
1208 3105 1349 3175 eoneedo,
1366 3113 1398 3164 ut
1409 3113 1505 3164 tuumn
1515 3102 1594 3165 houd

422 3220 492 3265 meo
503 3204 704 3284 aiiqunetouel
716 3206 864 3287 qdueessel
875 3205 1031 3286 peticiones
1042 3205 1328 3268 diisseconteudnm.
1340 3205 1595 3287 dtquedemniore

423 3304 554 3368 iudicum
569 3323 696 3368 nunueeo
712 3316 804 3371 testes
818 3307 938 3369 laudere
953 3325 1014 3369 non
1031 3327 1108 3388 oqms
1124 3317 1184 3381 est,
1199 3326 1289 3388 quum
1306 3314 1335 3368 et
1350 3317 1417 3369 onte
1433 3307 1490 3370 iem
1505 3327 1522 3368 e
1536 3307 1594 3368 lie-

424 3407 581 3468 mostitene
596 3418 627 3470 et
645 3409 844 3489 gteemmtieis
860 3409 988 3490 duqdicie
1004 3418 1033 3471 et
1048 3408 1171 3490 teiqdieie
1188 3407 1294 3471 iudicio
1310 3409 1551 3487 eognoveeimns,
1567 3418 1595 3470 et

423 3509 599 3573 diettitiaeus
615 3511 679 3591 ipse
694 3510 771 3573 bene
785 3531 848 3574 rem
863 3529 926 3573 non
942 3511 1068 3591 ignoret
1098 3511 1182 3574 Unus
1198 3520 1242 3573 est
1257 3513 1354 3584 loeus,
1370 3511 1449 3592 nqmd
1463 3511 1594 3573 dndoei·

424 3612 493 3672 deest
513 3613 550 3675 de
568 3613 686 3694 Mysten.
708 3633 737 3694 qs.
754 3615 789 3686 9,
815 3613 868 3677 uisi
888 3633 941 3676 sex
957 3613 1047 3676 millio
1062 3613 1192 3676 iudicum
1209 3611 1239 3675 in
1255 3631 1347 3676 uenum
1364 3613 1505 3676 iudicium
1521 3632 1594 3676 eon·

426 3712 525 3776 iuncte
539 3724 758 3788 memornetm,
777 3715 807 3777 h.
822 3737 848 3780 e.
864 3735 985 3786 omnes,
1006 3717 1056 3796 qui
1072 3714 1119 3779 ilio
1136 3733 1214 3779 anno
1229 3715 1376 3779 lietiestne
1390 3715 1487 3779 sortiti
1502 3723 1595 3778 erunt.

425 3813 485 3876 Sed
496 3815 585 3877 etiem
597 3817 772 3898 pauciorum
783 3837 874 3900 quem
886 3819 1117 3902 quingentorum
1129 3837 1286 3882 numerum
1298 3837 1361 3882 non
1370 3836 1439 3882 tneo
1449 3817 1597 3881 iudicasse

430 3925 510 3995 patet
525 3917 589 3981 iulii
608 3919 736 3984 Pollucis
752 3921 940 3994 testimonio,
961 3922 1038 3996 tut,
1057 3921 1114 3985 ts:
1137 3913 1304 4006 εῖςήγοπο
1323 3915 1361 3985 δὲ
1375 3911 1494 4001 τὰμὲν
1507 3912 1598 3996 inde

375 4099 380 4108 .
425 4010 541 4096 xiiiio»
555 4023 674 4106 (suppl.
691 4020 845 4108 detinetis
858 4033 888 4088 et
902 4019 1100 4108 πράγματα)
1120 4015 1169 4100 εἷς
1184 4018 1243 4088 ἕνα
1252 4019 1311 4103 χοὶ
1323 4013 1534 4098 διακοσίους·
1555 4015 1598 4085 τὰ

430 4110 468 4180 δὲ
488 4111 573 4204 iude
592 4118 705 4202 χιλίας
723 4119 773 4203 οἷς
793 4120 852 4190 ἕνα
871 4121 929 4190 καὶ
943 4119 1186 4211 τετρακοσίους.
1220 4127 1366 4209 Loquitur
1380 4133 1478 4188 eutem
1494 4123 1597 4186 Pollux

429 4219 468 4281 do
487 4241 525 4281 eo
545 4224 729 4302 publicorum
744 4246 903 4292 musneme
920 4249 1041 4310 genere,
1068 4227 1098 4290 in
1114 4247 1175 4310 quo
1190 4222 1313 4314 φάσεις
1327 4229 1425 4290 iocum
1440 4225 1597 4288 liniebant.

429 4320 488 4395 (lie
508 4320 556 4384 itis
574 4328 653 4388 eont.
673 4346 749 4409 quse
767 4329 844 4392 dicte
865 4339 936 4394 sunt
953 4329 989 4392 de
1005 4327 1105 4392 consuit.
1121 4329 1188 4392 dtis.
1205 4347 1235 4412 p.
1255 4329 1337 4404 177.)
1372 4325 1488 4404 Quodsi
1502 4325 1533 4388 in
1548 4325 1596 4388 isis

429 4431 475 4484 tot
488 4421 600 4486 indices
616 4428 809 4503 sufficiebant,
826 4431 893 4513 quis
907 4433 945 4494 de
961 4430 1171 4496 minutioribus
1187 4431 1371 4513 privatorum
1386 4427 1597 4492 controversiis

375 4543 408 4597 2³
429 4523 529 4605 plures
548 4523 695 4591 iudicasse
713 4529 834 4594 mesisti
870 4534 1002 4616 dppmet
1021 4543 1134 4608 numm,
1162 4532 1272 4615 equinos
1296 4551 1332 4596 ex
1357 4531 1420 4604 iuis,
1446 4549 1505 4612 quo
1531 4527 1596 4592 iure

428 4625 508 4707 apud
528 4625 756 4693 demosthenem
774 4631 805 4694 in
824 4633 891 4697 unu.
910 4655 979 4717 pag.
998 4635 1077 4712 585,
1104 4635 1145 4699 25
1165 4634 1357 4718 Pettingslius
1376 4642 1407 4695 et
1424 4629 1596 4696 iistthiueus

428 4746 487 4812 pro
500 4727 617 4812 eneae
631 4731 767 4797 emnium
782 4734 917 4801 οοοὶοοιο
931 4739 1057 4804 tectione
1071 4727 1268 4816 decessiove
1281 4733 1405 4802 mmihi
1420 4731 1510 4798 veiint
1518 4749 1599 4797 πεν-
