3792 5609
370 2015 428 2107 ot
459 2011 763 2108 ctitttt'ttdttttd
796 2013 1152 2108 lllGlSlllll'llllll
1174 2011 1467 2107 utututttttts

425 2301 458 2380 la
478 2313 639 2396 disciplinis
660 2313 826 2388 historicis,
845 2315 955 2397 neribus
974 2312 1163 2396 propositum
1177 2324 1224 2375 est
1238 2322 1505 2376 monumentorum
1527 2313 1547 2364 ³

337 2437 372 2480 ae
391 2417 627 2481 testiinonionrm
648 2416 776 2498 diligenti
796 2417 1029 2498 persemtatione
1041 2417 1079 2479 ad
1093 2435 1193 2478 rerum
1208 2416 1406 2495 coguitionem
1419 2414 1507 2482 enni.

339 2522 408 2585 nilail
425 2521 518 2602 inape
534 2521 693 2583 estendam
709 2531 764 2594 est,
778 2539 865 2602 quam
882 2539 928 2598 ne,
943 2539 1035 2602 quum
1050 2519 1190 2598 oopmosei
1204 2519 1312 2600 aliquid
1329 2518 1452 2581 aeraria
1468 2536 1508 2577 ae

339 2625 453 2689 ratione
467 2643 528 2688 non
544 2633 654 2706 potest.
673 2623 801 2706 speeiem
816 2631 913 2685 marren
928 2622 1055 2704 aliquam
1069 2622 1247 2702 cognitionis
1262 2620 1442 2685 nonieetmdi
1457 2619 1506 2682 le·

337 2729 424 2792 vitate
438 2739 467 2790 et
481 2726 729 2809 interpretationis
744 2725 913 2790 arbitrariae
927 2725 1059 2789 artelaeiis
1073 2743 1262 2807 aucupemur.
1292 2725 1369 2788 llere
1381 2742 1505 2808 pemer-

338 2831 409 2895 sitas
424 2829 593 2894 incredibile
606 2830 686 2894 (lictu
700 2839 745 2892 eet
760 2839 957 2912 quantopere,
976 2827 1052 2892 sieut
1067 2827 1097 2892 in
1113 2830 1196 2892 omni
1211 2829 1346 2904 historia,
1360 2831 1399 2894 ita
1412 2830 1503 2892 etiam

339 2935 368 2998 in
393 2935 448 2998 lese
466 2943 563 3016 praru.
588 2953 663 3018 quae
681 2932 717 2996 ad
737 2933 862 2998 Graecae
881 2943 910 2996 et
929 2931 1080 2996 llomanae
1102 2933 1282 3017 antiquitatis
1301 2935 1503 3017 neguitioaem

339 3039 474 3122 pertinet,
488 3046 518 3102 et
533 3037 602 3102 olim
617 3047 749 3120 grassata
764 3038 804 3102 sit
814 3046 845 3101 et
854 3055 1034 3119 nurroquum
1046 3039 1173 3102 maxime
1183 3048 1343 3120 grassetur.
1355 3057 1504 3124 quannpse

339 3145 429 3208 multa
444 3141 576 3227 aprotidie
589 3161 606 3204 a
621 3141 691 3206 viris
706 3141 793 3208 etiam
808 3141 991 3206 doctissimis
1005 3144 1200 3224 proterantur,
1213 3161 1288 3226 quse
1302 3143 1327 3206 si
1341 3143 1408 3227 quis
1422 3151 1502 3206 reete

338 3267 373 3312 nn
391 3245 490 3312 sobrie
509 3246 669 3322 examinet,
689 3246 734 3310 vix
756 3245 893 3330 pauciora
909 3245 1088 3330 respuenda,
1108 3256 1142 3310 ut
1156 3265 1228 3309 rana
1241 3257 1271 3308 et
1285 3247 1500 3320 manaan-ntida,

338 3373 426 3435 nisam
441 3349 618 3436 aeripiomla,
634 3360 668 3415 ut
680 3369 747 3416 rere
762 3359 812 3415 aut
826 3349 995 3434 prolubilia,
1011 3349 1158 3432 intelligat
1178 3346 1255 3414 Nolo
1269 3350 1307 3412 de
1321 3350 1500 3434 rsepdrologis

289 3465 294 3478 ·
339 3457 443 3533 dieere,
458 3456 517 3538 qui,
531 3475 623 3537 quum
639 3453 785 3518 lobulosas
800 3453 939 3518 historias
954 3461 1087 3527 tradmtt
1100 3453 1185 3535 nansi
1199 3454 1312 3534 legilm
1325 3455 1413 3519 soluti
1424 3473 1498 3518 orn·

338 3577 480 3641 cessaque
493 3557 608 3638 queris
623 3557 749 3620 audendi
764 3555 891 3630 lieentia,
905 3555 1087 3618 hariolorum
1102 3555 1220 3637 saepius
1234 3576 1323 3638 quam
1338 3558 1499 3621 historien-

338 3681 404 3726 mm
425 3669 524 3744 partes
538 3679 624 3742 apere
637 3678 731 3742 eoque
746 3659 838 3738 magis
853 3658 908 3721 sibi
924 3658 1038 3740 prlaoere
1051 3657 1200 3730 sidentur,
1218 3677 1279 3738 qim
1295 3661 1378 3743 plura
1392 3672 1500 3725 unrere

340 3765 476 3828 ririseent:
489 3763 636 3826 sedetiam
647 3761 696 3844 apd
708 3761 738 3826 ia
749 3771 850 3826 testata
862 3779 961 3824 rerum
973 3771 1121 3842 gestarem
1133 3761 1275 3824 meritona
1286 3776 1336 3829 aut
1347 3765 1500 3828 instituto·

338 3887 405 3932 rum
425 3867 550 3931 civilium
566 3865 764 3948 descriptione
779 3873 940 3936 versantur,
960 3863 1049 3927 nimis
1064 3883 1153 3946 saepe
1169 3876 1265 3928 rectae
1279 3866 1402 3930 rationis
1417 3867 1499 3931 obliti

339 3971 388 4034 add
399 3989 463 4032 vera
473 3989 508 4033 ao
519 3977 596 4032 oona
607 3967 775 4048 oognitione
785 3967 872 4050 protili
883 3985 943 4030 non
953 3976 1091 4048 possunt,
1102 3969 1185 4031 listas
1196 3968 1354 4050 opiniones
1363 3971 1500 4054 sarpidius

338 4093 425 4156 quam
441 4069 613 4154 prudentius
628 4069 781 4154 arripiunt,
796 4069 973 4152 nanctaque,
988 4076 1021 4132 ut
1036 4067 1123 4132 estin
1134 4071 1303 4152 proverbio,
1318 4092 1374 4155 pro
1385 4073 1500 4138 lunone

339 4176 562 4258 amplectuntur.
591 4174 685 4238 lluius
705 4173 820 4256 generis
839 4173 1005 4256 esenrplom
1021 4191 1113 4236 unum
1127 4172 1165 4236 de
1180 4173 1351 4240 novissimis
1364 4188 1500 4241 matern-

339 4279 411 4362 plari
427 4279 484 4343 lroo
497 4277 564 4342 loeo
579 4277 696 4360 piheuit,
710 4277 820 4342 editum
835 4276 904 4342 illud
920 4275 1039 4357 quidem
1052 4275 1084 4340 io
1099 4296 1132 4340 re
1146 4276 1225 4340 haud
1240 4279 1339 4360 magni
1349 4282 1502 4355 ororneoti,

339 4383 391 4446 aar
411 4381 494 4446 errius
513 4391 610 4444 tamur
629 4381 793 4444 aoouratior
810 4378 995 4464 pertractatio
1014 4397 1077 4442 nou
1091 4379 1184 4443 aliens
1197 4379 1330 4448 radmor
1342 4384 1380 4448 ot
1394 4385 1501 4450 tuos·

340 4483 420 4548 modi
434 4483 614 4548 academicae
627 4483 808 4566 prolusionis
823 4482 957 4546 consitio.

424 4589 505 4662 Quae
532 4597 666 4670 tempora
680 4585 821 4650 eruendis
843 4583 1062 4666 magistratibus
1080 4594 1189 4650 statuta
1207 4588 1286 4670 apud
1304 4589 1501 4654 dtlreoiemes

339 4687 460 4766 luerint,
472 4688 570 4753 mnus
582 4687 771 4754 iudicavimus
785 4687 852 4752 seiri
867 4705 929 4752 uon
944 4707 1044 4770 posse,
1057 4700 1216 4774 propteres
1229 4693 1310 4772 quod
1324 4713 1382 4757 nee
1393 4703 1499 4757 testeos

340 4789 426 4854 huius
445 4791 487 4856 rei
502 4791 640 4857 idorreum
656 4793 770 4876 lideque
783 4791 904 4875 dignum
919 4791 1110 4870 iuberemus,
1129 4811 1225 4878 neque
1238 4795 1345 4861 iudicia
1357 4806 1498 4875 alunt,
1516 4808 1531 4858 t
