3792 5609
958 813 1016 877 lut

880 901 984 910 ἡ-.
1007 901 1083 912 ...ιι-ι

399 1019 539 1093 ganaceto
553 1006 632 1078 citet,
645 1003 788 1066 vetustius
800 1000 913 1064 Solone
924 1000 1167 1082 Areopagitarum
1180 1001 1271 1066 luisse
1283 1002 1451 1084 collegium,
1467 1004 1566 1089 Epire·

361 1122 380 1174 s
399 1125 443 1176 tas
456 1122 555 1174 autem
570 1105 751 1188 subpriores
767 1103 857 1167 luisse
872 1120 933 1164 nou
949 1121 1028 1184 optus
1043 1113 1105 1168 erat
1119 1103 1247 1186 probari,
1261 1125 1352 1188 quum
1368 1107 1397 1170 id
1413 1107 1534 1190 quidem
1549 1129 1566 1172 a

398 1213 516 1277 nemine
534 1228 665 1292 uuquam
681 1208 712 1270 in
726 1205 849 1270 iulium
864 1212 1001 1268 vocatum
1017 1203 1064 1268 ait
1098 1205 1171 1269 Nam
1186 1207 1267 1288 quod
1283 1209 1363 1272 addit
1378 1210 1565 1275 Plutarchus:

398 1307 430 1378 τί
453 1309 500 1400 μὴ
527 1308 566 1398 νῆ
586 1304 658 1376 Δία
682 1303 796 1393 γέγονέ
819 1328 873 1384 τις
898 1297 1051 1394 άοάφτια
1074 1305 1134 1372 τοῦ
1153 1302 1346 1394 γράμματος
1366 1302 1389 1398 ἢ
1406 1306 1566 1400 ἔκλειψις,

398 1407 485 1479 cioca
509 1410 590 1490 τοίς
614 1405 787 1499 ἡλωκότας
811 1401 866 1474 ἐπ’
882 1401 1010 1486 αἰτίαις
1029 1399 1070 1487 λίς
1088 1401 1256 1494 κρίνουσιν
1276 1403 1307 1477 oi
1328 1404 1564 1500 Ἀρεοπαγῖται

398 1511 456 1581 καί
467 1509 606 1603 'limitas
626 1507 686 1579 καί
704 1507 883 1598 ποιτάντις
901 1504 959 1576 ὅτε
975 1502 993 1575 o‘
1009 1508 1140 1593 θεσμὸς
1153 1506 1258 1600 ἐφάνη
1275 1507 1347 1592 ίίάε,
1368 1511 1481 1599 μένειν
1494 1511 1568 1582 άτί-

372 1614 376 1618 ’
397 1640 494 1702 μοις,
513 1615 583 1684 τῶν
601 1607 711 1682 ἄλλων
729 1608 897 1698 ἐπιτίμιον
914 1607 1104 1698 γινομένων.
1128 1615 1157 1678 h.
1168 1635 1194 1678 e.
1210 1617 1352 1680 Solonem
1372 1639 1432 1683 non
1453 1641 1506 1684 eos
1521 1621 1568 1684 oi-

399 1723 489 1799 sissc,
504 1723 555 1804 qui
569 1731 638 1784 ante
652 1741 687 1785 se
701 1721 739 1784 ab
752 1720 919 1801 Areopago,
934 1717 1071 1800 Epiaetia,
1087 1717 1231 1800 Pmteneo
1247 1719 1375 1784 ‹lamnati
1391 1733 1501 1799 essent,
1517 1727 1568 1787 seal

399 1827 449 1908 qui
468 1826 598 1890 abaranati
617 1835 718 1888 essem
734 1841 839 1886 eorum
855 1822 1028 1897 caloninum,
1048 1841 1123 1904 quae
1138 1841 1173 1885 ex
1188 1821 1283 1905 ipsius
1297 1823 1409 1906 legibus
1424 1827 1461 1889 asi
1477 1833 1566 1890 atreo·

400 1931 528 2011 pagitas,
548 1929 692 2011 prctaa,
713 1928 855 2010 l’rptencs
874 1925 1069 2007 pertinerent:
1096 1925 1335 1990 honorationem
1356 1947 1452 2010 neque
1472 1929 1570 2012 ipsum

401 2030 592 2095 Plutarchum
619 2031 763 2114 probasse
787 2039 910 2112 apparet
934 2046 1031 2110 neque
1057 2027 1145 2090 hodie
1172 2048 1350 2112 quemquam
1376 2031 1570 2112 probaturum

401 2153 469 2198 csse
488 2133 676 2198 consulimus.

488 2237 532 2301 Ea
557 2237 605 2300 lais
630 2236 690 2300 iana
712 2235 784 2299 satis
802 2237 992 2298 manifestum
1013 2243 1070 2308 est,
1097 2234 1274 2298 testimoniis
1294 2246 1424 2300 sotorum
1443 2237 1570 2300 liluelleri

403 2341 579 2403 senteutiam
594 2337 758 2402 adversari:
778 2347 869 2400 restat
883 2337 972 2418 igitur
987 2346 1019 2400 ut
1033 2336 1196 2412 videamus,
1215 2355 1287 2400 naam
1303 2357 1378 2420 quiae
1393 2359 1497 2404 causae
1512 2340 1571 2402 sint

404 2442 475 2506 satia
491 2462 605 2522 graves,
619 2461 694 2524 quac
707 2460 765 2504 uos
781 2439 837 2503 illis
852 2439 1030 2503 testimoniis
1047 2439 1134 2502 iidem
1147 2438 1253 2502 lrabcro
1266 2450 1371 2508 veterat.
1395 2442 1570 2506 Huiusmodi

403 2545 477 2608 nibil
497 2565 514 2608 a
532 2543 670 2608 llueliero
689 2543 837 2622 prolatum
857 2562 924 2604 essc
942 2541 1043 2616 uideo,
1065 2541 1121 2604 uisi
1144 2543 1269 2605 tortasse
1289 2543 1348 2607 hoc
1366 2563 1473 2621 uuum,
1492 2546 1570 2627 quoti

403 2647 444 2710 ait
454 2654 463 2691 ¹
474 2651 506 2723 ²)
521 2646 649 2727 Epirotas
660 2645 821 2706 abramne
836 2645 957 2706 derasum
973 2643 1124 2706 institutos
1140 2655 1296 2726 propterea
1308 2646 1386 2709 credi
1398 2665 1459 2711 nou
1472 2667 1571 2730 prosse,

403 2749 485 2831 quoti
501 2749 665 2810 Draconem
680 2757 812 2810 vaterem
831 2747 874 2808 roi
896 2744 1029 2828 pulliano
1051 2747 1176 2808 terraram
1192 2765 1254 2808 non
1269 2747 1441 2812 immutasse
1455 2749 1571 2814 Aristo·

404 2853 476 2916 tolca
496 2859 629 2924 testetur,
649 2849 697 2914 illa
716 2858 814 2912 autom
832 2848 902 2911 uoci
916 2847 1016 2912 iudicii
1032 2849 1175 2911 institutio
1191 2867 1252 2912 uon
1268 2852 1364 2932 possit
1379 2870 1440 2914 non
1455 2871 1571 2934 penua-

404 2975 462 3036 gna
477 2953 568 3018 aitiori
588 2951 630 3015 rei
651 2951 786 3034 publicae
807 2949 982 3013 iaaunutatio.
1016 2950 1180 3014 Aristotelis
1199 2971 1292 3016 unum
1310 2953 1366 3018 hoc
1384 2956 1421 3018 cie
1441 2974 1473 3018 re
1489 2955 1571 3019 tosti-

404 3057 540 3122 monium
555 3055 708 3130 norimus,
726 3075 743 3118 a
758 3053 846 3117 roobia
860 3053 934 3136 ipsuis
950 3053 1063 3116 «lucium
1079 3053 1226 3135 prolatum
1240 3060 1246 3101 ¹
1259 3061 1303 3136 ³),
1324 3059 1404 3140 quod
1419 3065 1497 3122 extat
1512 3057 1571 3120 Ρο-

404 3161 554 3227 liticorum
570 3159 661 3234 lilall,
676 3178 740 3240 cap.
747 3157 777 3233 9,
792 3157 847 3235 §.il
864 3157 1045 3238 (papr,3l
1064 3157 1199 3237 (ioettl.):
1216 3152 1409 3244 Δράκοντος
1423 3155 1460 3224 άί
1473 3153 1570 3244 νόμοι

402 3261 466 3348 μίν
484 3255 566 3342 εἶσι,
588 3253 746 3347 πολιτείᾳ
767 3251 799 3323 ‹l’
812 3251 1003 3347 ίπαοχοίοῃ
1019 3255 1096 3336 τοίς
1109 3251 1229 3342 νόμοις
1243 3253 1372 3349 ἔθηκεν.
1406 3265 1459 3328 Est
1473 3273 1570 3329 autem

403 3368 453 3432 laic
466 3367 552 3430 locus
567 3364 723 3439 eiusmodi,
738 3372 770 3427 ut
784 3363 943 3444 generatim
960 3363 1050 3426 ariolo
1062 3364 1250 3428 Aristotelem
1266 3365 1346 3448 loqui
1358 3377 1503 3450 appareat,
1518 3387 1571 3430 ne-

403 3491 461 3554 que
479 3469 596 3550 singula
617 3466 782 3531 accuratius
801 3465 932 3529 delinire.
966 3466 1003 3528 Et
1022 3485 1092 3529 cane
1111 3467 1161 3548 qui
1182 3468 1253 3532 nibil
1272 3468 1393 3532 aliudin
1409 3471 1572 3553 republica

403 3573 535 3646 novavit,
557 3571 614 3635 uisi
633 3579 668 3633 ut
681 3570 718 3632 aie
732 3569 821 3632 certis
835 3569 1012 3651 quibusdam
1028 3569 1216 3644 criminibus,
1239 3571 1334 3653 iisque
1348 3571 1427 3638 laautl
1443 3575 1530 3638 (lubic
1544 3584 1573 3638 et

404 3675 567 3741 rarioribus
587 3685 617 3736 et
635 3673 810 3756 pierumque
829 3672 907 3736 lmual
929 3691 1109 3754 magnopere
1128 3674 1165 3736 oti
1185 3693 1332 3738 summam
1347 3677 1572 3758 rempublicam

405 3777 632 3862 pcrtinentibus,
651 3774 763 3840 iusiices
778 3776 924 3857 quosdam
939 3774 1081 3858 proprios
1097 3775 1303 3854 constitueret,
1317 3777 1366 3841 iric
1380 3779 1410 3842 in
1426 3779 1572 3844 eiusmodi

406 3883 526 3963 qualem
545 3881 611 3944 loco
632 3890 709 3944 recte
728 3879 786 3944 clici
808 3879 905 3960 potuit
923 3879 967 3942 rei
988 3877 1123 3960 publicae
1142 3879 1268 3944 locatum
1288 3879 1381 3963 qualis
1400 3881 1486 3946 luerit
1504 3884 1573 3947 reli·

407 3983 518 4064 quisse.
550 3982 623 4046 iiam
637 4001 733 4064 neque
749 3982 974 4063 magistratuum
990 3981 1229 4062 descriptionem,
1244 4001 1340 4066 noque
1354 3984 1492 4049 aruinum
1509 3985 1572 4050 iura

407 4096 438 4148 et
451 4104 603 4149 οοοιοιιιιιι
618 4085 647 4148 in
660 4105 692 4148 re
703 4084 818 4168 publica
829 4082 998 4167 imperium,
1013 4101 1107 4166 neque
1119 4086 1207 4148 finem
1219 4083 1311 4148 civilia
1322 4085 1472 4151 societatis
1483 4088 1571 4152 alium

410 4187 478 4250 lecit
496 4198 584 4270 atque
602 4197 687 4252 antea
704 4188 813 4264 lucrat,
831 4186 940 4268 quibus
956 4186 1148 4269 potissimum
1163 4185 1252 4251 rebus
1266 4177 1286 4273 ἦ
1302 4180 1461 4253 πολιτεία
1475 4191 1571 4254 conti·

410 4299 505 4354 οτίιιτ.
538 4289 593 4354 Est
606 4291 686 4354 enirn
700 4282 872 4368 πολιτεία,
887 4299 921 4354 ut
933 4289 1105 4355 Aristotcles
1120 4289 1161 4353 ait
1174 4289 1222 4365 lV,
1237 4289 1264 4366 l,
1275 4290 1306 4365 5,
1319 4283 1417 4368 τάξις
1429 4293 1490 4379 τῆς
1503 4286 1572 4358 πά-

410 4381 526 4478 trogi
542 4387 620 4476 περί
635 4387 696 4470 τάς
709 4383 820 4478 άοχάς,
835 4387 911 4458 τίνα
923 4387 1054 4479 τρόπον
1066 4385 1267 4479 νενέμηνται,
1282 4386 1342 4456 καί
1356 4384 1444 4458 τίτί
1459 4387 1574 4479 sciptor

410 4489 471 4582 τῆς
484 4487 667 4574 πολιτείας,
681 4491 741 4560 καί
753 4489 790 4560 τί
801 4490 842 4562 τά
855 4489 953 4574 τέλος
966 4487 1109 4583 ίιιάοτης
1121 4497 1182 4581 τῆς
1194 4484 1372 4573 κοινωνίας
1384 4487 1467 4562 tort.
1500 4493 1573 4564 Νά-

479 4737 522 4804 ii)
540 4735 633 4791 (ίιιι.
646 4739 671 4790 ia
683 4738 813 4795 suasit
825 4738 916 4811 ptus.
928 4741 1011 4798 acti.

480 4822 521 4890 tt)
538 4823 577 4878 iia
590 4824 675 4878 unta
687 4825 746 4879 au
759 4825 853 4896 pvut.
879 4827 984 4884 licerii
997 4829 1047 4884 tut.
1061 4827 1133 4900 pii.
1156 4835 1161 4845 '
