3792 5609
748 780 870 876 *15

271 965 409 1030 credibile
428 985 495 1030 esse
515 965 675 1051 quidquam
696 969 726 1032 iu
746 969 801 1032 illis
816 969 947 1053 peritum
963 965 1021 1029 nisi
1036 964 1117 1048 queri
1132 974 1301 1048 temporum
1317 965 1434 1028 illerum

271 1070 432 1136 conditioni
448 1071 704 1136 aeeeurmerlatum
719 1083 811 1136 esset:
840 1093 902 1137 nort
923 1069 1057 1154 petuisse
1070 1079 1167 1132 aretem
1190 1069 1434 1132 venenarium

270 1175 498 1239 commemorari
522 1195 555 1240 eu
570 1185 733 1259 aetateque
748 1179 830 1252 neni,
852 1177 962 1259 quilius
977 1174 1014 1238 illi
1036 1185 1273 1257 uppurrerrntur.
1294 1173 1364 1236 nulli
1383 1193 1433 1236 es·

271 1288 350 1342 sent:
366 1279 560 1360 quamobrem
572 1284 687 1360 prieurs
701 1281 731 1342 iu
747 1281 793 1344 luis
809 1279 943 1344 iurrnulis
958 1295 1020 1341 neu
1032 1297 1123 1358 pesse
1137 1288 1246 1341 ueteres
1259 1277 1433 1357 etgntuoen.

272 1383 323 1444 set
338 1401 406 1444 esse
420 1383 575 1463 qnnqniunr
591 1384 687 1464 gentis
703 1403 825 1454 nenuu,
842 1384 958 1464 dieique
974 1381 1089 1444 Priscus
1104 1379 1221 1443 Antinoe
1234 1399 1297 1443 rreu
1312 1381 1367 1442 eliu
1383 1399 1432 1441 ra·

271 1485 351 1548 tiene
369 1505 457 1566 quum
474 1485 617 1566 pupulum
633 1486 797 1550 llenrunnm
812 1486 987 1560 (trutinum,
1007 1483 1118 1546 renuisse
1134 1484 1242 1547 scilieet
1257 1484 1379 1564 reputa.
1401 1493 1433 1545 ut

272 1589 401 1671 pupulus
421 1587 601 1668 siguiltretur
619 1609 635 1649 e
656 1589 763 1652 Priscis
776 1601 802 1651 et
818 1589 927 1652 Latinis
944 1589 1099 1649 ernussntus.
1116 1621 1158 1632 -
1174 1587 1252 1649 llaec
1271 1585 1432 1668 speciens-

271 1690 344 1752 sinre
359 1689 504 1770 disqrututu
521 1710 587 1751 esse
602 1692 741 1753 laetentur:
762 1692 851 1753 rrrrrrln
873 1690 1095 1752 lrrnrlunnmtmu
1116 1686 1188 1749 sutis
1203 1693 1323 1750 tirmmu
1340 1688 1431 1749 lrabe-

272 1801 345 1853 reut
380 1789 452 1852 Num
472 1813 488 1850 e
508 1792 729 1853 eerrtmentariis
755 1791 873 1870 quirlern
897 1789 1044 1851 ueterilnrs
1071 1789 1132 1850 illus
1153 1791 1294 1852 lurmulrs
1314 1811 1331 1850 n
1352 1789 1432 1851 lirin

273 1891 376 1972 petitus
391 1910 458 1952 esse
473 1890 596 1952 lilmutrr·
610 1893 809 1964 eerreerlinms,
825 1911 918 1972 ueque
931 1890 1145 1953 interemimus
1163 1891 1188 1951 ni
1200 1891 1268 1972 quis
1280 1891 1337 1952 lues
1348 1910 1432 1953 rem
1453 1894 1469 1946 t

272 1991 433 2054 ruenturios
452 1991 529 2054 lmurl
551 1993 642 2054 multe
662 1992 733 2055 Auci
756 1993 832 2072 regis
851 2003 943 2056 netute
968 1992 1149 2073 posteriores
1169 1993 1287 2055 eliserit:
1310 2005 1342 2054 nt
1366 2013 1433 2054 rere

272 2111 381 2155 nemen
401 2111 520 2173 qunque
539 2093 709 2156 Priscorum
731 2095 902 2158 Latinmum
931 2095 961 2157 iu
980 2094 1024 2155 eis
1043 2093 1135 2156 luisse
1154 2113 1213 2174 que
1233 2095 1351 2156 ternlem
1371 2095 1435 2156 iure

272 2191 421 2257 sumitur?
447 2195 592 2257 Nimirum
616 2197 757 2259 lorumrlue
773 2197 845 2260 istue
861 2216 920 2259 nen
937 2197 988 2259 uui
1004 2195 1119 2258 errirlum
1136 2197 1187 2257 sml
1203 2197 1345 2259 ‹turuilms
1359 2216 1434 2277 quae

272 2298 449 2378 quandoque
462 2295 622 2360 ineirlerrut
633 2299 890 2362 bellisimlieemlis
902 2298 1083 2379 ceuqmsitue
1095 2300 1222 2366 luerunt.
1237 2300 1434 2380 quamebrem

273 2409 502 2463 cousentaneum
524 2399 577 2462 luit
597 2401 728 2465 hostium
751 2403 780 2465 in
796 2401 838 2464 eis
858 2401 979 2464 nemine
994 2411 1046 2462 aut
1060 2401 1136 2463 nulla
1147 2409 1198 2464 aut
1212 2402 1354 2480 generalia
1368 2413 1432 2462 tan·

272 2514 335 2566 turn
352 2503 439 2584 peni.
459 2522 588 2584 querum
610 2504 675 2566 loen
691 2504 770 2586 queel
786 2523 904 2586 queque
919 2513 1054 2586 &surpere
1068 2500 1235 2565 conveniret
1250 2523 1266 2565 a
1281 2513 1365 2584 quatre
1379 2520 1432 2583 pu·

274 2615 349 2668 trutu
366 2606 603 2668 substitueretur.
634 2607 670 2668 ut
684 2608 795 2672 nullum
812 2607 908 2670 bustis
923 2608 1033 2669 rrernrA
1050 2606 1149 2669 Livius
1164 2606 1253 2668 leniret
1266 2605 1296 2667 in
1312 2606 1433 2684 clariga-

274 2709 362 2771 tienis
375 2708 500 2773 lernrula
511 2728 545 2770 ex
558 2707 753 2773 eisdemlmurl
763 2710 852 2772 dulrie
861 2709 1082 2774 commentariis
1092 2707 1195 2791 petita:
1207 2709 1285 2771 Amli
1293 2706 1434 2790 luppiter.

273 2812 370 2875 enrlr'te
384 2811 457 2894 finer
477 2812 696 2895 (cuiuscunque
715 2813 816 2896 pepuli
833 2822 904 2876 sunt
918 2814 1068 2890 uerniuat)
1090 2814 1191 2876 uelint
1209 2815 1268 2893 sua.
1288 2821 1317 2875 et
1338 2813 1435 2894 gnulte

274 2924 356 2996 pest:
372 2933 423 2996 ege
437 2934 490 2978 uer
504 2925 592 2979 tester
604 2916 746 2998 peprrlnnr
760 2916 849 2980 illum
864 2918 1046 2999 (quicunque
1061 2926 1118 2985 est.
1134 2915 1280 2992 amntem)
1296 2919 1435 2977 iniuratum

273 3036 332 3081 erre
351 3037 441 3100 neque
460 3021 506 3081 ius
521 3019 698 3100 persoluere.
729 3022 867 3084 Generule
888 3039 998 3083 nomeu
1018 3020 1107 3082 erede
1122 3016 1342 3082 Hermundulus
1359 3038 1436 3088 esse.

275 3141 350 3203 quus
365 3120 482 3184 Cincius
502 3121 604 3203 posuit
622 3121 651 3185 iu
667 3123 743 3186 lilrre
760 3125 846 3188 tertie
862 3124 898 3186 ‹le
914 3142 945 3186 re
961 3122 1077 3186 militari
1089 3127 1098 3167 ¹
1112 3127 1154 3201 ¹),
1175 3120 1224 3184 ubi
1239 3123 1361 3184 eandem
1377 3121 1438 3183 iere

274 3243 362 3305 quum
377 3222 476 3287 Livius
492 3223 557 3287 belli
575 3223 720 3290 imlieenrli
741 3229 896 3290 formulam
916 3247 933 3288 e
953 3226 1101 3288 similibus
1120 3225 1340 3289 corrrurentariis
1359 3223 1435 3306 peti-

273 3336 332 3390 tam
347 3326 450 3390 attulit.
480 3327 553 3389 Num
569 3327 804 3393 llerrnumlulum
821 3330 966 3412 pupulum
981 3348 1078 3410 neque
1097 3326 1257 3391 lristerirus
1276 3327 1433 3408 quisquam

274 3447 367 3510 neque
377 3430 563 3510 geographus
573 3437 802 3493 commeruerat¹
815 3436 861 3507 ll:
878 3433 958 3511 quml
970 3430 1083 3493 etiamsi
1093 3449 1162 3491 cusu
1172 3432 1280 3493 laetum
1289 3450 1356 3490 esse
1364 3437 1433 3509 qmt·

272 3541 330 3605 est,
350 3541 379 3595 et
394 3540 464 3594 suut
479 3531 531 3593 eliu
548 3549 666 3613 queque
681 3533 802 3595 numina
814 3535 903 3596 semel
919 3542 1033 3595 tantum
1049 3533 1177 3600 iuventa.
1194 3541 1290 3594 turrren
1303 3549 1364 3593 ueu
1376 3531 1434 3592 inr-

272 3633 423 3716 prelnrlrile
444 3633 569 3706 uidentur,
596 3643 628 3696 ut
652 3654 740 3697 umue
759 3635 806 3697 ius
827 3636 963 3698 letiuliunr
983 3635 1021 3696 at·
1041 3634 1207 3714 Aequiculis
1226 3634 1261 3695 ml
1281 3633 1434 3696 llmuanes

273 3736 411 3820 pervenit,
428 3736 465 3798 ita
482 3753 591 3798 nomeu
607 3755 725 3819 queque
739 3737 808 3800 illuri
823 3757 857 3798 ex
873 3737 982 3800 herum
995 3736 1103 3816 lingua,
1115 3755 1189 3817 quae
1200 3735 1276 3800 Osca
1288 3736 1366 3799 lraud
1377 3735 1434 3798 rlu·

273 3841 320 3903 lrie
332 3839 400 3902 tutu
412 3841 453 3914 ³),
469 3847 621 3919 eeeqnum
637 3857 713 3910 esse,
730 3846 760 3901 et
775 3838 1019 3918 significationem
1035 3839 1144 3901 lubere
1158 3839 1321 3920 generalem
1336 3848 1366 3902 et
1379 3859 1434 3919 rqi-

272 3941 441 4024 pellatimru.
477 3939 534 4003 Sed
556 3940 593 4003 ‹le
614 3939 661 4003 his
681 3949 830 4022 uteunque
849 3951 996 4005 statuatur
1014 3939 1086 4004 nilril
1107 3960 1188 4005 uuue
1213 3941 1281 4006 lacit
1298 3942 1335 4005 ari
1355 3959 1434 4005 reru:

272 4064 340 4108 nam
355 4040 424 4108 illud
440 4042 560 4125 quirlem
575 4044 648 4106 setis
663 4063 717 4108 sue
731 4054 839 4127 sponte
854 4045 1044 4109 manifestum
1064 4065 1131 4109 esse
1148 4045 1293 4120 arbitrer,
1313 4044 1435 4109 hunes-

326 4269 366 4335 ll)
379 4269 452 4337 Aqurl
465 4266 574 4321 Gellium
587 4267 661 4335 xvt,
678 4269 702 4320 t.
714 4297 748 4308 -
770 4269 917 4336 Decimio,
931 4287 979 4322 nun
991 4279 1081 4324 vetere
1093 4271 1139 4324 ille
1151 4272 1292 4336 Alimentus,
1305 4271 1347 4342 qui
1359 4282 1435 4326 aextn

274 4358 377 4410 saecule
390 4355 474 4408 Aeruit
482 4356 635 4425 annalesque
646 4356 787 4424 comperuit
800 4357 856 4410 iude
867 4358 899 4410 nb
911 4357 974 4409 urbe
986 4358 1086 4411 euariitu
1099 4374 1179 4427 eaque
1189 4360 1222 4411 ari
1234 4376 1305 4412 amaa
1316 4367 1436 4424 aetateua,

272 4444 316 4495 seul
334 4442 476 4495 recentiore
493 4441 616 4508 Augustei
632 4441 690 4494 aevi
706 4442 868 4508 grammatice
885 4443 936 4496 viri.
957 4444 989 4498 A.
1001 4441 1101 4498 lirauee
1119 4446 1178 4498 uitt.
1194 4453 1223 4501 et
1240 4445 1353 4513 tragum.
1369 4454 1434 4498 vett.

272 4527 563 4590 utrumnumrumr.
579 4527 653 4596 retu)
667 4546 689 4597 p.
703 4527 828 4583 ruere.
871 4513 874 4520 '

326 4615 365 4680 rt)
383 4614 497 4668 Fuenrut
512 4631 527 4668 e
545 4614 742 4682 recentioribus,
759 4615 800 4684 qui
813 4615 997 4670 llerruunlulne
1016 4634 1062 4688 pre
1073 4617 1267 4686 llemuarlaris,
1284 4617 1435 4672 tier-eain

272 4703 372 4773 popule,
384 4702 536 4770 acciperent,
548 4710 637 4755 neutra
650 4716 713 4772 quea
724 4701 854 4770 disputare
866 4703 926 4757 nihil
938 4704 1040 4759 attinet.

326 4788 367 4860 1³)
384 4787 548 4844 ttionemn.
561 4786 592 4843 A.
606 4789 618 4843 l
633 4805 657 4860 g.
671 4787 704 4842 lt
715 4788 793 4842 M.
