3792 5609
955 776 1018 849 128

403 959 625 1048 καλουμένων,
644 958 704 1029 καὶ
721 958 870 1041 νόθους
886 960 963 1029 τῶν
980 965 1245 1049 Σπαρτιατῶν
1262 966 1356 1053 μάλα
1374 962 1514 1052 εὐειδεῖς
1531 992 1567 1041 rs·

403 1066 462 1136 aei
475 1068 541 1135 τῶν
551 1063 644 1155 inp}
659 1063 758 1133 neiat
773 1064 881 1130 καλῶν
895 1059 956 1134 m‘ra
971 1059 1140 1155 ἀπείρους.
1170 1072 1245 1136 Nam
1260 1074 1290 1137 bi
1305 1077 1389 1140 notbi
1401 1078 1566 1160 Spartano,-

402 1194 471 1238 rtnu
486 1172 557 1254 quin
571 1172 727 1251 nrotbaees
741 1171 816 1245 sint,
835 1169 962 1249 dubitari
977 1190 1039 1237 nun
1054 1182 1167 1262 protest3
1193 1195 1274 1257 quus,
1285 1178 1366 1259 quael
1382 1200 1399 1241 a
1413 1180 1567 1261 Spartanis

402 1275 477 1358 ipsis
496 1275 609 1355 seiungi
628 1285 658 1336 et
677 1293 745 1337 euru
766 1272 909 1355 perioeris
929 1282 960 1337 et
978 1276 1140 1357 peregrinis
1161 1278 1300 1361 coniungi
1315 1280 1463 1357 violentus,
1480 1302 1567 1366 uper-

403 1379 519 1454 tissime
535 1380 734 1453 demonstrat,
753 1398 806 1441 eos
826 1396 889 1441 non
908 1376 939 1443 in
959 1378 1075 1443 risibus
1094 1392 1266 1447 numeratus
1285 1404 1366 1461 esse,
1386 1385 1453 1449 lieet
1466 1396 1568 1451 essent

403 1474 463 1547 οὖν
478 1472 615 1574 ia'rrstper
630 1475 744 1547 erinis
757 1477 799 1568 τῇ
814 1473 916 1545 πόλει
931 1478 1065 1546 καλῶν..
1079 1482 1275 1566 Neneneninr
1290 1488 1425 1553 assentiri
1442 1508 1568 1571 pnsstnn

402 1586 441 1660 ei,
456 1604 474 1649 a
487 1604 548 1667 quo
561 1602 717 1667 nunquam
729 1604 791 1648 nou
802 1604 889 1665 aegre
899 1584 1053 1659 (Ιίυυυυιίυ,
1068 1586 1100 1649 C.
1110 1588 1143 1651 F.
1157 1587 1337 1665 llaruaanno,
1352 1591 1403 1673 qui
1415 1592 1568 1676 ‘tutique

403 1692 512 1753 Laron.
533 1709 563 1770 p.
582 1688 645 1753 tto
665 1683 709 1750 eri
727 1681 762 1752 ἔν
774 1684 822 1774 τῇ
841 1681 943 1754 πόλει
965 1684 1051 1753 καλὰ
1064 1690 1151 1771 ipsa
1172 1690 1298 1757 ciriurn
1315 1692 1397 1757 iura
1416 1713 1483 1759 esse
1498 1697 1568 1771 uult,

319 1803 328 1811 ·
404 1812 532 1875 qtrormn
552 1792 592 1855 illi
611 1790 770 1873 participes
788 1793 908 1858 lerunt·
944 1794 1025 1869 llam
1044 1793 1099 1858 etsi
1119 1796 1251 1859 conredo
1271 1792 1314 1859 eei
1333 1792 1418 1860 nate
1433 1817 1449 1859 a
1467 1798 1569 1861 Xeno„

406 1896 519 1978 phonte
532 1914 748 1977 nonnunquam
764 1894 808 1958 sir.
819 1895 887 1971 alie-i,
902 1906 934 1959 ut
946 1896 1010 1961 iura
1023 1915 1143 1979 quoque
1155 1897 1267 1962 ritibus
1279 1898 1389 1962 tributa
1400 1900 1569 1981 signifer-en·

404 2010 467 2075 tur,
488 2010 586 2063 tanen
609 1999 758 2081 abqtrmte
774 1998 894 2081 saepius
916 2000 953 2063 ele
973 1999 1145 2081 disciplinae
1165 2000 1328 2082 Spartanae
1346 2001 1435 2065 bunis
1455 2002 1570 2079 elicitur,

404 2125 501 2188 neque
514 2104 631 2187 opinor,
647 2103 698 2187 qui
713 2102 786 2167 iuris
801 2103 925 2167 alieuius
940 2102 1087 2187 particeps
1103 2104 1151 2179 air,
1165 2104 1231 2168 eius
1247 2094 1307 2167 οὖν
1321 2094 1476 2191 ἔπειρον,
1497 2108 1531 2169 ln
1542 2128 1568 2173 s.

404 2227 476 2272 non
494 2207 669 2288 ignarum,
685 2208 739 2271 seul
754 2208 855 2289 probus
870 2198 930 2271 οὐκ
945 2196 1096 2293 ὅμουρον,
1111 2226 1183 2271 nun
1198 2217 1393 2289 expertein,
1409 2210 1567 2274 dieenaluru

406 2312 512 2387 luisse3
526 2321 629 2375 eonua
644 2310 814 2392 disciplinae
828 2329 891 2373 nou
905 2318 1056 2392 expertem
1071 2311 1133 2374 b.e.
1150 2310 1298 2375 irnbutunr
1312 2322 1446 2395 eantque
1457 2314 1568 2376 exerei-

406 2424 513 2489 tatuur‚
531 2424 610 2478 reete
624 2404 683 2477 οὖν
698 2403 842 2497 ἄπειρον
855 2412 921 2476 eius
937 2413 994 2476 tliei
1010 2414 1198 2477 nranilesturn
1214 2424 1268 2478 est.
1299 2415 1360 2481 laur
1376 2436 1446 2479 reru
1462 2416 1569 2499 siquis

406 2537 452 2581 rue
466 2518 563 2581 eiicere
579 2518 717 2600 postulet,
733 2536 810 2598 quae
824 2517 944 2578 tanrlern
959 2518 1047 2580 luerit
1061 2516 1191 2580 conditio
1207 2519 1377 2582 nrossrarunr
1390 2538 1504 2593 eurum,
1520 2518 1569 2601 qui

405 2638 466 2684 non
477 2620 610 2704 auopstati
621 2621 659 2683 ab
670 2620 924 2703 aliquoSpartano
934 2636 1033 2701 neque
1045 2620 1122 2683 eires
1135 2620 1202 2684 laeti
1213 2632 1322 2691 essent.
1335 2623 1392 2685 bue
1402 2642 1450 2685 nte
1457 2622 1570 2686 nescire

404 2725 507 2787 fateor.
533 2727 720 2807 Quamquam
736 2724 765 2787 iul
782 2723 902 2805 quidem
918 2741 980 2786 non
998 2722 1114 2805 ignoro,
1130 2743 1197 2787 erse
1212 2724 1263 2805 «ptri
1277 2744 1330 2789 eos
1346 2724 1424 2787 eires
1439 2725 1569 2807 quidem,

404 2828 457 2892 seu
471 2827 617 2891 deteriore
632 2826 695 2891 iure
714 2828 810 2891 laetos
830 2845 898 2889 esse
916 2836 1083 2903 autunreutr
1103 2845 1198 2909 neque
1212 2828 1390 2892 intercedant
1407 2828 1432 2891 si
1449 2828 1494 2893 eui
1510 2828 1569 2891 boo

403 2930 530 2995 marinae
545 2931 697 3015 probabile
708 2952 776 2995 esse
787 2930 930 3003 rideatur,
945 2930 1037 2994 modo
1049 2948 1087 2993 ne
1098 2929 1174 2994 seire
1184 2950 1217 2993 se
1229 2939 1319 3014 putet,
1335 2932 1416 3013 puell
1428 2932 1494 2997 seiri
1507 2950 1568 2999 nott

404 3046 511 3118 potest.
541 3036 595 3098 lllii
611 3045 709 3100 autern
725 3054 787 3099 non
804 3034 904 3097 rninus
921 3036 1049 3097 tortasse
1063 3032 1254 3116 probabiliter
1273 3036 1402 3100 rrrrdiurn
1419 3037 1567 3118 quenrlarn

404 3141 502 3203 lorum
517 3140 594 3203 inter
608 3140 754 3204 ciuitatem
769 3147 799 3202 et
813 3137 1047 3221 peregrinitatem
1064 3138 1251 3202 rnntbaeibus
1267 3139 1418 3219 assignare
1434 3140 1552 3203 nralent.

352 3252 387 3303 ts
459 3270 465 3281 ·
489 3244 550 3309 Seu
564 3245 653 3308 etiarn
668 3246 705 3307 ue
719 3241 927 3326 troplrinris‚
941 3240 993 3324 qui
1007 3242 1112 3305 errrleur
1128 3242 1194 3305 loeo
1210 3262 1226 3305 a
1242 3242 1438 3325 Xenophonte
1454 3264 1569 3307 merno-

404 3360 518 3423 rantnr‚
529 3347 638 3431 aliprirl
650 3347 811 3411 ‹lieenrlurn
821 3355 877 3409 est.
903 3344 966 3409 llus
978 3345 1220 3410 Warbsrnutlriue
1229 3352 1243 3391 ²
1252 3346 1283 3425 ³)
1296 3345 1465 3429 peregrinos
1478 3348 1570 3413 sitisse

405 3454 507 3520 statuit
521 3454 646 3538 Spartae
661 3453 814 3527 educatos,
829 3449 945 3515 ‹ltrlsitat
959 3460 1072 3527 aretem,
1088 3460 1188 3515 trtrtun
1204 3471 1257 3513 eres
1272 3450 1310 3515 ab
1327 3450 1399 3533 ipsis
1415 3452 1568 3537 Spartanis

405 3582 440 3624 eo
455 3560 600 3625 aiuluetos
615 3558 704 3633 dieat,
719 3556 852 3641 captivos
863 3554 973 3619 scilieet
984 3576 1018 3620 ex
1030 3556 1178 3632 hostibus,
1195 3554 1371 3639 «pribuseunr
1383 3555 1490 3622 bellurn
1502 3581 1568 3641 ges·

407 3664 531 3742 sissent,
549 3684 587 3730 an
602 3666 703 3749 potius
718 3662 828 3726 liberos
844 3682 861 3725 a
875 3661 1049 3743 parentibus
1065 3660 1202 3745 Spartana
1219 3660 1344 3736 nrissos,
1365 3669 1400 3724 ut
1416 3664 1568 3747 disciplina

407 3768 553 3851 brunger
565 3769 798 3834 instituerentur.
826 3764 882 3830 ulii
894 3771 1020 3830 υυιυῑυυ1
1029 3768 1060 3843 ⁰)
1075 3784 1137 3831 non
1148 3764 1282 3829 diversus
1295 3762 1460 3847 troplrinros
1473 3788 1490 3831 a
1502 3788 1569 3833 nro·

409 3872 542 3936 tbaribus
556 3896 622 3939 esse
636 3874 747 3948 rolunt,
761 3890 857 3954 neque
873 3870 994 3934 obstare
1005 3878 1111 3953 putant
1121 3868 1191 3934 lruie
1201 3868 1375 3945 sententiae,
1390 3872 1470 3953 quod
1483 3872 1568 3935 iidem

409 3967 495 4051 ξένοι
513 3997 531 4039 a
548 3976 745 4059 Xenophonte
764 3975 916 4039 dicuntur:
939 3993 1002 4039 non
1021 3973 1100 4037 enirn
1119 3982 1236 4037 exteros
1256 3974 1353 4036 soluru
1370 3992 1406 4037 eo
1425 3974 1569 4039 rorabulo

410 4070 546 4158 appellari
559 4079 701 4161 putuisse,
715 4078 871 4143 sedetiam
885 4077 1053 4153 libertinos,
1068 4076 1203 4159 quamvis
1219 4076 1249 4140 iu
1265 4075 1393 4141 Laconia
1407 4086 1503 4141 nates.
1536 4078 1569 4142 ld

410 4178 483 4241 nribi
498 4199 583 4243 seetrs
597 4181 723 4245 ridetur.
744 4182 841 4245 llam
856 4173 956 4259 ξένων
970 4180 1162 4255 rocelinum,
1183 4179 1300 4244 etiarnsi
1320 4180 1397 4261 apud
1413 4180 1526 4243 llttieos
1541 4190 1571 4243 et

411 4278 442 4341 in
455 4280 519 4343 aliis
531 4282 610 4345 baud
626 4282 715 4346 dubie
728 4284 895 4349 civitatibus
909 4282 997 4347 etiam
1014 4282 1175 4365 inquilinos
1190 4275 1387 4364 (μετοίκους)
1398 4282 1570 4364 complecti·

327 4404 331 4410 ³
413 4390 473 4455 tur.
497 4380 526 4444 in
550 4400 678 4463 qrrarrunr
701 4402 827 4449 nurnero
851 4396 977 4469 propter
998 4384 1221 4449 similitudinem
1245 4384 1425 4448 conditionis
1443 4384 1569 4449 libertini

412 4500 530 4564 quupue
545 4493 713 4561 censentur,
726 4496 826 4551 taraen
840 4488 899 4553 boe
912 4486 953 4551 ibi
968 4492 1083 4551 tanturn
1099 4486 1142 4563 ut,
1156 4486 1207 4551 ubi
1222 4486 1302 4551 nulla
1317 4486 1386 4550 inde
1396 4485 1570 4566 ambiguitas

478 4732 521 4801 rs)
538 4733 1096 4809 usitatiore-nannarpnua.
1110 4736 1343 4807 operosae.)
1415 4748 1416 4751 υ
1462 4698 1464 4701 ’
1550 4742 1557 4753 ·

479 4818 1059 4893 26)Ιιικ,8μηιιοι.1,μυῑ.1,ῐνζ233.
1280 4842 1283 4847 ·
1338 4820 1361 4839 ”
