3792 5609
959 1767 1008 1832 ou

494 1901 755 2002 soullllbbb
784 1901 977 1998 IUDIOUll
1007 1903 1129 1998 lituo
1158 1901 1473 1998 inminutus.

360 2221 373 2272 l
488 2199 590 2285 Capi
622 2179 741 2264 ¹Nonum
754 2216 876 2274 omnes,
896 2196 947 2279 qui
962 2196 993 2262 in
1008 2200 1216 2281 cognoscenda
1232 2197 1457 2261 Atheniensium
1475 2216 1565 2280 repu-

401 2307 478 2371 blica
499 2304 608 2387 aliquid
624 2303 713 2366 studii
728 2302 923 2375 collocarunt,
944 2321 979 2364 ox
994 2321 1084 2383 quiam
1100 2302 1226 2368 turbidis
1241 2321 1331 2385 saepe
1347 2302 1480 2366 lontibus
1495 2303 1568 2366 bace

403 2409 535 2493 cognitio
559 2408 670 2472 hauriri
695 2407 811 2482 (loiseel,
837 2425 986 2488 quousque
1008 2405 1195 2480 «titinium,
1222 2405 1258 2469 iis
1280 2406 1489 2488 scriptoribus,
1516 2407 1566 2488 qui

403 2515 494 2578 dooes
514 2511 602 2576 nobis
622 2511 653 2573 in
673 2511 731 2573 boo
751 2509 959 2590 quaestionum
979 2528 1086 2590 genere
1102 2509 1243 2592 sequendi
1258 2518 1342 2582 sunt,
1362 2509 1436 2573 beno
1452 2520 1480 2573 et
1493 2529 1567 2592 pru·

403 2619 507 2680 denus·
520 2614 577 2688 uti,
597 2615 685 2676 belem
701 2631 806 2675 corum
821 2611 1084 2690 recreassemus,
1110 2632 1176 2676 rem
1192 2633 1208 2676 a
1224 2613 1306 2675 salsis
1322 2613 1500 2687 discernere,
1519 2632 1566 2676 re·

403 2717 563 2802 pugnantia
584 2719 661 2780 inter
680 2735 714 2780 se
735 2713 902 2778 conciliare.
937 2713 999 2778 Seri
1015 2717 1150 2780 omniurn
1168 2716 1294 2780 maxime
1309 2715 1421 2778 lubrica
1439 2724 1468 2778 ot
1483 2715 1566 2777 labo-

401 2823 482 2886 riosa
494 2829 541 2884 ost
555 2819 787 2882 Scholiastarum
802 2827 830 2881 et
845 2817 1135 2902 lenioograplrorom
1148 2817 1295 2893 tractatio,
1310 2819 1347 2881 ml
1364 2836 1456 2900 quos,
1475 2837 1566 2900 quum

403 2923 536 2988 emultis
550 2932 638 3006 atquo
652 2921 776 3004 egregiis
792 2921 1002 3004 scriptoribus,
1017 2923 1067 3004 spui
1083 2923 1154 2986 olim
1169 2924 1206 2986 cle
1222 2921 1442 2985 Atheniensium
1454 2921 1567 3002 legibus

404 3038 436 3092 et
449 3027 591 3091 institulis
606 3029 673 3090 slata
689 3044 779 3108 opera
794 3034 930 3088 accurato
943 3034 972 3087 et
986 3027 1109 3108 copiose
1119 3035 1327 3108 exposuerant,
1344 3043 1433 3088 nomo
1445 3034 1566 3088 aetatem

405 3131 518 3204 tulerit,
544 3130 635 3193 nimis
657 3149 747 3212 saepe
766 3128 855 3190 nobis
873 3128 1104 3206 confugientium
1124 3139 1178 3192 est.
1213 3131 1310 3204 Quiane
1327 3129 1418 3191 iruulta
1435 3128 1515 3192 onim
1531 3129 1568 3192 illi

403 3233 519 3297 babere
540 3231 652 3306 solent,
667 3231 723 3294 etsi
743 3251 760 3292 c
781 3231 868 3294 bonis
888 3231 1021 3295 lontibus
1042 3232 1185 3308 «loricata,
1204 3243 1303 3295 tanuen
1323 3231 1464 3314 pessimis
1484 3231 1568 3294 aebli·

403 3334 543 3401 minentis
565 3334 604 3398 ita
624 3330 763 3416 coriupta
782 3343 812 3397 ct
831 3343 986 3408 terramala,
1013 3335 1058 3398 rir
1079 3346 1113 3400 nt
1135 3335 1259 3399 minimo
1285 3335 1352 3399 usui
1381 3336 1454 3412 sint;
1479 3355 1567 3418 quiam

403 3439 494 3504 muita
515 3436 673 3502 manifesto
693 3437 779 3513 laisa,
804 3457 902 3518 neque
920 3437 1039 3502 aliunde
1058 3439 1116 3502 nisi
1137 3459 1173 3502 cx
1194 3439 1269 3502 maie
1285 3439 1431 3503 intellecto
1447 3439 1568 3503 alieuius

403 3541 559 3624 scriptoris
574 3541 640 3604 loco
656 3541 778 3614 baustaa
798 3558 888 3622 queam
903 3541 995 3604 multa
1012 3541 1151 3624 deniquo,
1171 3561 1246 3623 quae
1261 3543 1357 3606 statim
1375 3542 1517 3624 inteiligas
1532 3543 1569 3605 ab

404 3644 477 3728 ipsis
496 3652 608 3707 lomere
627 3645 753 3706 oonllcla
767 3662 847 3717 esse,
869 3661 907 3706 nc
923 3643 1069 3706 inscitiam
1087 3663 1171 3706 soom
1188 3645 1360 3709 faterentur.
1386 3647 1481 3728 btqrre
1497 3647 1570 3708 haee

405 3747 505 3811 omnia
524 3746 613 3809 etiam
634 3746 664 3809 in
683 3745 794 3809 bonam
813 3755 929 3829 partem
949 3747 1065 3810 illorum
1082 3747 1270 3811 Scholionrm
1289 3750 1413 3823 carlum,
1438 3767 1513 3830 «puna
1531 3749 1568 3812 acl

405 3849 613 3932 Aristophanis
634 3849 805 3913 comoedias
824 3871 841 3909 e
862 3850 1012 3914 rarioraun
1028 3851 1294 3915 Grammaticorum
1315 3851 1568 3915 corrrrucntariisa

369 3958 386 4012 2
406 3952 522 4016 Therma
535 3953 685 4033 Magistro,
700 3951 838 4016 Triclinio
850 3951 973 4036 aliisquo
985 3953 1104 4018 collecta
1117 3963 1197 4030 sunt,
1213 3954 1243 4018 in
1256 3955 1373 4038 quibus,
1388 3973 1568 4038 quaruquam

403 4057 529 4138 plurima
547 4056 660 4119 erudito
678 4065 709 4119 ct
727 4055 873 4119 subtiliter
889 4057 964 4120 troili
985 4075 1046 4120 non
1067 4077 1159 4138 nego,
1180 4057 1260 4122 haud
1281 4059 1373 4122 multo
1390 4068 1490 4121 tamcn
1510 4058 1568 4121 roi·

403 4175 508 4221 norom
529 4177 634 4221 eornm
656 4176 815 4222 numerum
830 4179 898 4222 esse
914 4158 1053 4234 arbitror,
1073 4179 1148 4242 quaa
1163 4169 1213 4224 aut
1228 4161 1337 4224 nullius
1352 4169 1403 4223 aaut
1417 4161 1568 4242 perexigui

404 4259 490 4344 pretii
509 4260 690 4325 aestimanda
709 4261 783 4339 sint,
810 4281 907 4344 nequo
927 4260 993 4326 siue
1012 4263 1104 4327 nsulla
1123 4262 1259 4326 cautione
1279 4263 1308 4325 in
1323 4281 1413 4326 orsum
1429 4272 1567 4326 nostrum

345 4416 356 4428 .
405 4361 535 4426 oourcrti
549 4373 667 4444 queant
699 4365 742 4428 Ex
757 4365 815 4430 boo
829 4385 937 4448 genere
952 4367 1039 4431 otiam
1056 4367 1102 4430 illa
1118 4374 1198 4444 sunt,
1221 4385 1297 4447 quae
1316 4366 1353 4429 ad
1369 4365 1446 4430 Plauti
1461 4385 1488 4428 v.
1505 4366 1566 4428 277

405 4463 442 4528 rio
462 4463 594 4529 iudicum
608 4465 763 4530 sortitione
778 4469 952 4546 traduntur,
972 4472 1009 4535 da
1024 4489 1082 4553 qua
1097 4469 1187 4534 nobis
1200 4469 1260 4533 hoo
1272 4470 1339 4533 loco
1355 4468 1567 4552 disputandum

406 4567 574 4632 mouimus

489 4669 559 4751 Gap.
570 4669 605 4732 ll.
628 4670 752 4734 Constat
759 4681 858 4737 autem
869 4674 946 4740 inter
957 4693 1072 4753 omnes,
1087 4676 1226 4740 oSolons
1236 4676 1272 4739 acl
1283 4675 1382 4739 omnia
1397 4671 1514 4747 iudicio,
1529 4672 1566 4735 iis

404 4770 548 4857 exeeptis,
573 4789 649 4859 quae
674 4770 798 4861 porreto
821 4775 1009 4858 uisebantur,
1036 4777 1177 4844 omnibus
1202 4777 1315 4842 civibus
1340 4777 1458 4852 bttiois,
1485 4775 1565 4838 nulio
