<?xml version="1.0" encoding="UTF-8"?>
<!DOCTYPE html PUBLIC "-//W3C//DTD XHTML 1.0 Transitional//EN"
    "http://www.w3.org/TR/xhtml1/DTD/xhtml1-transitional.dtd">
<html xmlns="http://www.w3.org/1999/xhtml" xml:lang="en" lang="en">
 <head>
  <title>
</title>
<meta http-equiv="Content-Type" content="text/html;charset=utf-8" />
  <meta name='ocr-system' content='tesseract 3.04.00' />
  <meta name='ocr-capabilities' content='ocr_page ocr_carea ocr_par ocr_line ocrx_word'/>
</head>
<body>
  <div class='ocr_page' id='page_1' title='image "./opusculaacademi02schgoog_0150.png"; bbox 0 0 3792 5609; ppageno 0'>
   <div class='ocr_carea' id='block_1_1' title="bbox 845 745 977 845">
    <p class='ocr_par' dir='ltr' id='par_1_1' title="bbox 773 745 977 845">
     <span class='ocr_line' id='line_1_1' title="bbox 845 745 977 845; baseline 0 0"><span class='ocrx_word' id='word_1_1' title='bbox 773 745 942 845; x_wconf 77' lang='grc'><strong>..1.11-</strong></span> <span class='ocrx_word' id='word_1_2' title='bbox 967 832 977 845; x_wconf 94' lang='grc'>.</span> 
     </span>
    </p>
   </div>
   <div class='ocr_carea' id='block_1_2' title="bbox 201 925 1520 4429">
    <p class='ocr_par' dir='ltr' id='par_1_2' title="bbox 201 925 1520 4429">
     <span class='ocr_line' id='line_1_2' title="bbox 293 925 1457 1021; baseline -0.001 -24"><span class='ocrx_word' id='word_1_3' title='bbox 293 954 398 999; x_wconf 87' lang='lat' dir='ltr'>omnes</span> <span class='ocrx_word' id='word_1_4' title='bbox 419 925 558 1017; x_wconf 71' lang='grc' dir='ltr'><strong><em>ὁμοίους</em></strong></span> <span class='ocrx_word' id='word_1_5' title='bbox 580 955 606 1001; x_wconf 85' lang='lat' dir='ltr'>s.</span> <span class='ocrx_word' id='word_1_6' title='bbox 628 956 716 1019; x_wconf 78' lang='lat' dir='ltr'>porres</span> <span class='ocrx_word' id='word_1_7' title='bbox 735 938 851 1003; x_wconf 77' lang='lat' dir='ltr'>habitos</span> <span class='ocrx_word' id='word_1_8' title='bbox 865 936 954 1002; x_wconf 75' lang='lat' dir='ltr'>ossei</span> <span class='ocrx_word' id='word_1_9' title='bbox 976 938 1025 1021; x_wconf 88' lang='lat' dir='ltr'>qni</span> <span class='ocrx_word' id='word_1_10' title='bbox 1041 950 1140 1003; x_wconf 85' lang='lat' dir='ltr'>sutem</span> <span class='ocrx_word' id='word_1_11' title='bbox 1151 958 1216 1001; x_wconf 84' lang='lat' dir='ltr'>enm</span> <span class='ocrx_word' id='word_1_12' title='bbox 1231 936 1387 1001; x_wconf 76' lang='lat' dir='ltr'>olrscnsre</span> <span class='ocrx_word' id='word_1_13' title='bbox 1401 938 1457 1000; x_wconf 82' lang='lat' dir='ltr'>de·</span> 
     </span>
     <span class='ocr_line' id='line_1_3' title="bbox 294 1041 1458 1126; baseline 0.002 -23"><span class='ocrx_word' id='word_1_14' title='bbox 294 1049 464 1115; x_wconf 62' lang='lat' dir='ltr'>boensem,</span> <span class='ocrx_word' id='word_1_15' title='bbox 488 1060 543 1103; x_wconf 89' lang='lat' dir='ltr'>eos</span> <span class='ocrx_word' id='word_1_16' title='bbox 568 1058 629 1105; x_wconf 91' lang='lat' dir='ltr'>non</span> <span class='ocrx_word' id='word_1_17' title='bbox 654 1042 781 1126; x_wconf 86' lang='lat' dir='ltr'>smpbus</span> <span class='ocrx_word' id='word_1_18' title='bbox 806 1041 838 1107; x_wconf 95' lang='lat' dir='ltr'>in</span> <span class='ocrx_word' id='word_1_19' title='bbox 861 1044 1005 1107; x_wconf 90' lang='lat' dir='ltr'>llomoeis</span> <span class='ocrx_word' id='word_1_20' title='bbox 1027 1051 1208 1109; x_wconf 78' lang='lat' dir='ltr'>numeratos.</span> <span class='ocrx_word' id='word_1_21' title='bbox 1246 1043 1458 1107; x_wconf 83' lang='lat' dir='ltr'>llenrunstrsnt</span> 
     </span>
     <span class='ocr_line' id='line_1_4' title="bbox 293 1144 1456 1229; baseline 0.005 -26"><span class='ocrx_word' id='word_1_22' title='bbox 293 1144 427 1225; x_wconf 87' lang='lat' dir='ltr'>prolecto</span> <span class='ocrx_word' id='word_1_23' title='bbox 447 1144 522 1207; x_wconf 79' lang='lat' dir='ltr'>boec</span> <span class='ocrx_word' id='word_1_24' title='bbox 539 1145 644 1221; x_wconf 80' lang='lat' dir='ltr'>serbo,</span> <span class='ocrx_word' id='word_1_25' title='bbox 663 1146 866 1211; x_wconf 82' lang='lat' dir='ltr'>llomoeorum</span> <span class='ocrx_word' id='word_1_26' title='bbox 887 1148 1058 1228; x_wconf 76' lang='lat' dir='ltr'>dignitatem</span> <span class='ocrx_word' id='word_1_27' title='bbox 1080 1145 1151 1209; x_wconf 92' lang='lat' dir='ltr'>nulli</span> <span class='ocrx_word' id='word_1_28' title='bbox 1170 1145 1223 1209; x_wconf 85' lang='lat' dir='ltr'>ciri</span> <span class='ocrx_word' id='word_1_29' title='bbox 1239 1148 1384 1229; x_wconf 78' lang='lat' dir='ltr'>Spmtono</span> <span class='ocrx_word' id='word_1_30' title='bbox 1402 1148 1456 1209; x_wconf 89' lang='lat' dir='ltr'>de-</span> 
     </span>
     <span class='ocr_line' id='line_1_5' title="bbox 201 1246 1456 1334; baseline 0.004 -26"><span class='ocrx_word' id='word_1_31' title='bbox 201 1284 204 1289; x_wconf 97' lang='grc'>-</span> <span class='ocrx_word' id='word_1_32' title='bbox 294 1246 396 1323; x_wconf 86' lang='lat' dir='ltr'>luisse,</span> <span class='ocrx_word' id='word_1_33' title='bbox 410 1264 449 1311; x_wconf 87' lang='lat' dir='ltr'>ne</span> <span class='ocrx_word' id='word_1_34' title='bbox 463 1248 690 1331; x_wconf 77' lang='lat' dir='ltr'>pauperioribus</span> <span class='ocrx_word' id='word_1_35' title='bbox 703 1250 835 1332; x_wconf 80' lang='lat' dir='ltr'>quidun,</span> <span class='ocrx_word' id='word_1_36' title='bbox 857 1251 914 1315; x_wconf 89' lang='lat' dir='ltr'>nisi</span> <span class='ocrx_word' id='word_1_37' title='bbox 928 1252 978 1334; x_wconf 90' lang='lat' dir='ltr'>qni</span> <span class='ocrx_word' id='word_1_38' title='bbox 995 1272 1028 1313; x_wconf 84' lang='lat' dir='ltr'>sc</span> <span class='ocrx_word' id='word_1_39' title='bbox 1046 1270 1080 1315; x_wconf 81' lang='lat' dir='ltr'>es</span> <span class='ocrx_word' id='word_1_40' title='bbox 1102 1250 1240 1331; x_wconf 80' lang='lat' dir='ltr'>indignos</span> <span class='ocrx_word' id='word_1_41' title='bbox 1259 1250 1456 1313; x_wconf 73' lang='lat' dir='ltr'>reddidissent</span> 
     </span>
     <span class='ocr_line' id='line_1_6' title="bbox 293 1352 1456 1436; baseline 0.003 -25"><span class='ocrx_word' id='word_1_42' title='bbox 293 1359 416 1435; x_wconf 88' lang='lat' dir='ltr'>propter</span> <span class='ocrx_word' id='word_1_43' title='bbox 428 1352 589 1434; x_wconf 74' lang='lat' dir='ltr'>neglectam</span> <span class='ocrx_word' id='word_1_44' title='bbox 604 1353 795 1435; x_wconf 74' lang='lat' dir='ltr'>disciplinam.</span> <span class='ocrx_word' id='word_1_45' title='bbox 828 1354 904 1419; x_wconf 83' lang='lat' dir='ltr'>liibil</span> <span class='ocrx_word' id='word_1_46' title='bbox 919 1356 991 1419; x_wconf 87' lang='lat' dir='ltr'>dicit</span> <span class='ocrx_word' id='word_1_47' title='bbox 1004 1355 1042 1418; x_wconf 85' lang='lat' dir='ltr'>de</span> <span class='ocrx_word' id='word_1_48' title='bbox 1058 1354 1108 1429; x_wconf 84' lang='lat' dir='ltr'>iis,</span> <span class='ocrx_word' id='word_1_49' title='bbox 1135 1354 1184 1435; x_wconf 91' lang='lat' dir='ltr'>qni</span> <span class='ocrx_word' id='word_1_50' title='bbox 1204 1363 1328 1436; x_wconf 87' lang='lat' dir='ltr'>propter</span> <span class='ocrx_word' id='word_1_51' title='bbox 1341 1363 1456 1434; x_wconf 78' lang='lat' dir='ltr'>egestu·</span> 
     </span>
     <span class='ocr_line' id='line_1_7' title="bbox 293 1454 1457 1541; baseline 0.001 -23"><span class='ocrx_word' id='word_1_52' title='bbox 293 1467 353 1518; x_wconf 88' lang='lat' dir='ltr'>tem</span> <span class='ocrx_word' id='word_1_53' title='bbox 370 1454 606 1531; x_wconf 74' lang='lat' dir='ltr'>excluderentur,</span> <span class='ocrx_word' id='word_1_54' title='bbox 632 1458 712 1539; x_wconf 89' lang='lat' dir='ltr'>quod</span> <span class='ocrx_word' id='word_1_55' title='bbox 732 1476 770 1522; x_wconf 89' lang='lat' dir='ltr'>ne</span> <span class='ocrx_word' id='word_1_56' title='bbox 789 1459 920 1523; x_wconf 76' lang='lat' dir='ltr'>modicas</span> <span class='ocrx_word' id='word_1_57' title='bbox 946 1459 1066 1541; x_wconf 86' lang='lat' dir='ltr'>quidcnr</span> <span class='ocrx_word' id='word_1_58' title='bbox 1093 1456 1286 1539; x_wconf 86' lang='lat' dir='ltr'>pbiditiontm</span> <span class='ocrx_word' id='word_1_59' title='bbox 1306 1457 1457 1538; x_wconf 80' lang='lat' dir='ltr'>impensos</span> 
     </span>
     <span class='ocr_line' id='line_1_8' title="bbox 294 1559 1457 1643; baseline 0.002 -22"><span class='ocrx_word' id='word_1_60' title='bbox 294 1559 422 1621; x_wconf 80' lang='lat' dir='ltr'>toirrsro</span> <span class='ocrx_word' id='word_1_61' title='bbox 441 1570 581 1641; x_wconf 84' lang='lat' dir='ltr'>possent,</span> <span class='ocrx_word' id='word_1_62' title='bbox 599 1570 771 1642; x_wconf 77' lang='lat' dir='ltr'>propterea,</span> <span class='ocrx_word' id='word_1_63' title='bbox 797 1563 902 1637; x_wconf 84' lang='lat' dir='ltr'>credo,</span> <span class='ocrx_word' id='word_1_64' title='bbox 926 1562 995 1643; x_wconf 78' lang='lat' dir='ltr'>quie</span> <span class='ocrx_word' id='word_1_65' title='bbox 1022 1572 1081 1625; x_wconf 83' lang='lat' dir='ltr'>tsm</span> <span class='ocrx_word' id='word_1_66' title='bbox 1101 1560 1186 1640; x_wconf 82' lang='lat' dir='ltr'>egeni</span> <span class='ocrx_word' id='word_1_67' title='bbox 1206 1560 1301 1643; x_wconf 88' lang='lat' dir='ltr'>ipsius</span> <span class='ocrx_word' id='word_1_68' title='bbox 1315 1568 1366 1623; x_wconf 75' lang='lat' dir='ltr'>aut</span> <span class='ocrx_word' id='word_1_69' title='bbox 1378 1568 1457 1623; x_wconf 88' lang='lat' dir='ltr'>certe</span> 
     </span>
     <span class='ocr_line' id='line_1_9' title="bbox 294 1663 1457 1747; baseline 0 -22"><span class='ocrx_word' id='word_1_70' title='bbox 294 1664 419 1745; x_wconf 74' lang='lat' dir='ltr'>Lycurgi</span> <span class='ocrx_word' id='word_1_71' title='bbox 441 1672 535 1727; x_wconf 77' lang='lat' dir='ltr'>aetate</span> <span class='ocrx_word' id='word_1_72' title='bbox 552 1663 623 1727; x_wconf 91' lang='lat' dir='ltr'>nulli</span> <span class='ocrx_word' id='word_1_73' title='bbox 643 1673 735 1727; x_wconf 82' lang='lat' dir='ltr'>erunt.</span> <span class='ocrx_word' id='word_1_74' title='bbox 769 1665 884 1741; x_wconf 84' lang='lat' dir='ltr'>Quodsi</span> <span class='ocrx_word' id='word_1_75' title='bbox 903 1664 1087 1747; x_wconf 84' lang='lat' dir='ltr'>quaerimus,</span> <span class='ocrx_word' id='word_1_76' title='bbox 1112 1674 1198 1727; x_wconf 87' lang='lat' dir='ltr'>utros</span> <span class='ocrx_word' id='word_1_77' title='bbox 1218 1663 1331 1727; x_wconf 76' lang='lat' dir='ltr'>lucilius</span> <span class='ocrx_word' id='word_1_78' title='bbox 1354 1674 1457 1726; x_wconf 76' lang='lat' dir='ltr'>contra</span> 
     </span>
     <span class='ocr_line' id='line_1_10' title="bbox 294 1765 1457 1850; baseline 0.001 -22"><span class='ocrx_word' id='word_1_79' title='bbox 294 1765 477 1849; x_wconf 76' lang='lat' dir='ltr'>disciplinam</span> <span class='ocrx_word' id='word_1_80' title='bbox 493 1767 653 1849; x_wconf 80' lang='lat' dir='ltr'>deliquisse</span> <span class='ocrx_word' id='word_1_81' title='bbox 667 1769 836 1844; x_wconf 70' lang='lat' dir='ltr'>credemus,</span> <span class='ocrx_word' id='word_1_82' title='bbox 850 1767 1109 1850; x_wconf 85' lang='lat' dir='ltr'>locupletioresne,</span> <span class='ocrx_word' id='word_1_83' title='bbox 1126 1768 1176 1849; x_wconf 90' lang='lat' dir='ltr'>qui</span> <span class='ocrx_word' id='word_1_84' title='bbox 1192 1776 1315 1850; x_wconf 83' lang='lat' dir='ltr'>propter</span> <span class='ocrx_word' id='word_1_85' title='bbox 1329 1766 1457 1830; x_wconf 79' lang='lat' dir='ltr'>maiores</span> 
     </span>
     <span class='ocr_line' id='line_1_11' title="bbox 295 1868 1458 1953; baseline -0.001 -22"><span class='ocrx_word' id='word_1_86' title='bbox 295 1890 368 1953; x_wconf 86' lang='lat' dir='ltr'>opes</span> <span class='ocrx_word' id='word_1_87' title='bbox 388 1870 469 1933; x_wconf 81' lang='lat' dir='ltr'>lscile</span> <span class='ocrx_word' id='word_1_88' title='bbox 487 1883 517 1933; x_wconf 87' lang='lat' dir='ltr'>et</span> <span class='ocrx_word' id='word_1_89' title='bbox 536 1870 629 1953; x_wconf 75' lang='lat' dir='ltr'>pellici</span> <span class='ocrx_word' id='word_1_90' title='bbox 650 1872 686 1935; x_wconf 80' lang='lat' dir='ltr'>ad</span> <span class='ocrx_word' id='word_1_91' title='bbox 706 1872 857 1935; x_wconf 88' lang='lat' dir='ltr'>mollitiem</span> <span class='ocrx_word' id='word_1_92' title='bbox 877 1871 952 1935; x_wconf 85' lang='lat' dir='ltr'>etsi</span> <span class='ocrx_word' id='word_1_93' title='bbox 972 1870 1160 1953; x_wconf 83' lang='lat' dir='ltr'>deliquissent</span> <span class='ocrx_word' id='word_1_94' title='bbox 1182 1871 1298 1933; x_wconf 83' lang='lat' dir='ltr'>renium</span> <span class='ocrx_word' id='word_1_95' title='bbox 1315 1868 1458 1933; x_wconf 75' lang='lat' dir='ltr'>redimere</span> 
     </span>
     <span class='ocr_line' id='line_1_12' title="bbox 295 1974 1457 2057; baseline 0.001 -24"><span class='ocrx_word' id='word_1_96' title='bbox 295 1982 428 2056; x_wconf 86' lang='lat' dir='ltr'>possent,</span> <span class='ocrx_word' id='word_1_97' title='bbox 440 1992 479 2037; x_wconf 85' lang='lat' dir='ltr'>nn</span> <span class='ocrx_word' id='word_1_98' title='bbox 490 1974 651 2050; x_wconf 74' lang='lat' dir='ltr'>tenuiores,</span> <span class='ocrx_word' id='word_1_99' title='bbox 665 1976 773 2057; x_wconf 88' lang='lat' dir='ltr'>quibus</span> <span class='ocrx_word' id='word_1_100' title='bbox 784 1976 935 2040; x_wconf 78' lang='lat' dir='ltr'>illecebrae</span> <span class='ocrx_word' id='word_1_101' title='bbox 946 1974 1082 2037; x_wconf 82' lang='lat' dir='ltr'>uitiorum</span> <span class='ocrx_word' id='word_1_102' title='bbox 1095 1975 1259 2057; x_wconf 75' lang='lat' dir='ltr'>pauciores,</span> <span class='ocrx_word' id='word_1_103' title='bbox 1272 1974 1457 2037; x_wconf 83' lang='lat' dir='ltr'>incitnnrrnts</span> 
     </span>
     <span class='ocr_line' id='line_1_13' title="bbox 295 2076 1461 2160; baseline 0.001 -23"><span class='ocrx_word' id='word_1_104' title='bbox 295 2086 394 2139; x_wconf 76' lang='lat' dir='ltr'>sertem</span> <span class='ocrx_word' id='word_1_105' title='bbox 414 2078 451 2140; x_wconf 85' lang='lat' dir='ltr'>nd</span> <span class='ocrx_word' id='word_1_106' title='bbox 472 2086 551 2141; x_wconf 87' lang='lat' dir='ltr'>recto</span> <span class='ocrx_word' id='word_1_107' title='bbox 571 2078 734 2142; x_wconf 74' lang='lat' dir='ltr'>laciendum</span> <span class='ocrx_word' id='word_1_108' title='bbox 754 2080 841 2143; x_wconf 78' lang='lat' dir='ltr'>etium</span> <span class='ocrx_word' id='word_1_109' title='bbox 861 2079 974 2142; x_wconf 78' lang='lat' dir='ltr'>trinium</span> <span class='ocrx_word' id='word_1_110' title='bbox 995 2088 1111 2149; x_wconf 83' lang='lat' dir='ltr'>essent.</span> <span class='ocrx_word' id='word_1_111' title='bbox 1138 2076 1378 2160; x_wconf 72' lang='lat' dir='ltr'>quondoquidem</span> <span class='ocrx_word' id='word_1_112' title='bbox 1404 2076 1461 2138; x_wconf 83' lang='lat' dir='ltr'>lure</span> 
     </span>
     <span class='ocr_line' id='line_1_14' title="bbox 295 2177 1460 2265; baseline 0 -24"><span class='ocrx_word' id='word_1_113' title='bbox 295 2177 358 2241; x_wconf 84' lang='lat' dir='ltr'>sole</span> <span class='ocrx_word' id='word_1_114' title='bbox 379 2199 413 2243; x_wconf 91' lang='lat' dir='ltr'>re</span> <span class='ocrx_word' id='word_1_115' title='bbox 432 2200 465 2243; x_wconf 87' lang='lat' dir='ltr'>se</span> <span class='ocrx_word' id='word_1_116' title='bbox 484 2180 573 2244; x_wconf 83' lang='lat' dir='ltr'>etism</span> <span class='ocrx_word' id='word_1_117' title='bbox 592 2182 747 2245; x_wconf 75' lang='lat' dir='ltr'>ditioribus</span> <span class='ocrx_word' id='word_1_118' title='bbox 766 2202 853 2265; x_wconf 88' lang='lat' dir='ltr'>pnres</span> <span class='ocrx_word' id='word_1_119' title='bbox 873 2183 936 2245; x_wconf 85' lang='lat' dir='ltr'>lieri</span> <span class='ocrx_word' id='word_1_120' title='bbox 957 2200 1047 2263; x_wconf 80' lang='lat' dir='ltr'>posse.</span> <span class='ocrx_word' id='word_1_121' title='bbox 1066 2180 1210 2253; x_wconf 76' lang='lat' dir='ltr'>uiderunt,</span> <span class='ocrx_word' id='word_1_122' title='bbox 1226 2214 1268 2227; x_wconf 89' lang='lat'>-·</span> <span class='ocrx_word' id='word_1_123' title='bbox 1284 2197 1346 2241; x_wconf 94' lang='lat' dir='ltr'>non</span> <span class='ocrx_word' id='word_1_124' title='bbox 1361 2188 1460 2260; x_wconf 76' lang='lat' dir='ltr'>pots-st</span> 
     </span>
     <span class='ocr_line' id='line_1_15' title="bbox 294 2282 1461 2367; baseline 0 -22"><span class='ocrx_word' id='word_1_125' title='bbox 294 2282 466 2365; x_wconf 76' lang='lat' dir='ltr'>ambiguum</span> <span class='ocrx_word' id='word_1_126' title='bbox 487 2304 555 2347; x_wconf 87' lang='lat' dir='ltr'>esse</span> <span class='ocrx_word' id='word_1_127' title='bbox 568 2284 639 2366; x_wconf 90' lang='lat' dir='ltr'>quid</span> <span class='ocrx_word' id='word_1_128' title='bbox 653 2286 894 2367; x_wconf 83' lang='lat' dir='ltr'>respondendum</span> <span class='ocrx_word' id='word_1_129' title='bbox 909 2286 957 2349; x_wconf 81' lang='lat' dir='ltr'>sit</span> <span class='ocrx_word' id='word_1_130' title='bbox 991 2285 1089 2366; x_wconf 86' lang='lat' dir='ltr'>ltoquo</span> <span class='ocrx_word' id='word_1_131' title='bbox 1105 2284 1130 2347; x_wconf 90' lang='lat' dir='ltr'>si</span> <span class='ocrx_word' id='word_1_132' title='bbox 1146 2283 1265 2367; x_wconf 81' lang='lat' dir='ltr'>qnando</span> <span class='ocrx_word' id='word_1_133' title='bbox 1281 2286 1390 2346; x_wconf 78' lang='lat' dir='ltr'>luctum</span> <span class='ocrx_word' id='word_1_134' title='bbox 1405 2292 1461 2356; x_wconf 73' lang='lat' dir='ltr'>est,</span> 
     </span>
     <span class='ocr_line' id='line_1_16' title="bbox 296 2385 1460 2471; baseline -0.001 -24"><span class='ocrx_word' id='word_1_135' title='bbox 296 2395 329 2448; x_wconf 91' lang='lat' dir='ltr'>ut</span> <span class='ocrx_word' id='word_1_136' title='bbox 342 2404 421 2449; x_wconf 88' lang='lat' dir='ltr'>unus</span> <span class='ocrx_word' id='word_1_137' title='bbox 436 2396 487 2449; x_wconf 83' lang='lat' dir='ltr'>out</span> <span class='ocrx_word' id='word_1_138' title='bbox 500 2388 573 2450; x_wconf 76' lang='lat' dir='ltr'>ulter</span> <span class='ocrx_word' id='word_1_139' title='bbox 582 2398 706 2470; x_wconf 89' lang='lat' dir='ltr'>propter</span> <span class='ocrx_word' id='word_1_140' title='bbox 719 2388 816 2461; x_wconf 79' lang='lat' dir='ltr'>istem,</span> <span class='ocrx_word' id='word_1_141' title='bbox 831 2408 920 2470; x_wconf 78' lang='lat' dir='ltr'>quern</span> <span class='ocrx_word' id='word_1_142' title='bbox 936 2388 1102 2471; x_wconf 80' lang='lat' dir='ltr'>Xennpbon</span> <span class='ocrx_word' id='word_1_143' title='bbox 1117 2386 1196 2458; x_wconf 82' lang='lat' dir='ltr'>dicit,</span> <span class='ocrx_word' id='word_1_144' title='bbox 1210 2404 1330 2449; x_wconf 78' lang='lat' dir='ltr'>coussm</span> <span class='ocrx_word' id='word_1_145' title='bbox 1346 2404 1381 2447; x_wconf 83' lang='lat' dir='ltr'>ex</span> <span class='ocrx_word' id='word_1_146' title='bbox 1396 2385 1460 2447; x_wconf 86' lang='lat' dir='ltr'>llo·</span> 
     </span>
     <span class='ocr_line' id='line_1_17' title="bbox 297 2487 1461 2574; baseline -0.002 -25"><span class='ocrx_word' id='word_1_147' title='bbox 297 2487 391 2549; x_wconf 83' lang='lat' dir='ltr'>rrroois</span> <span class='ocrx_word' id='word_1_148' title='bbox 406 2488 567 2565; x_wconf 81' lang='lat' dir='ltr'>eiiceretur,</span> <span class='ocrx_word' id='word_1_149' title='bbox 581 2491 689 2555; x_wconf 87' lang='lat' dir='ltr'>borum</span> <span class='ocrx_word' id='word_1_150' title='bbox 704 2492 807 2574; x_wconf 79' lang='lat' dir='ltr'>ptores</span> <span class='ocrx_word' id='word_1_151' title='bbox 821 2511 855 2554; x_wconf 82' lang='lat' dir='ltr'>or</span> <span class='ocrx_word' id='word_1_152' title='bbox 870 2490 1112 2572; x_wconf 66' lang='lat' dir='ltr'>insipientioribus</span> <span class='ocrx_word' id='word_1_153' title='bbox 1126 2508 1215 2572; x_wconf 72' lang='lat' dir='ltr'>«quem</span> <span class='ocrx_word' id='word_1_154' title='bbox 1227 2508 1262 2551; x_wconf 84' lang='lat' dir='ltr'>ex</span> <span class='ocrx_word' id='word_1_155' title='bbox 1274 2487 1461 2552; x_wconf 82' lang='lat' dir='ltr'>tenuioribus</span> 
     </span>
     <span class='ocr_line' id='line_1_18' title="bbox 297 2590 1461 2677; baseline 0.001 -23"><span class='ocrx_word' id='word_1_156' title='bbox 297 2590 389 2654; x_wconf 86' lang='lat' dir='ltr'>luisse</span> <span class='ocrx_word' id='word_1_157' title='bbox 402 2592 582 2673; x_wconf 75' lang='lat' dir='ltr'>putabimus.</span> <span class='ocrx_word' id='word_1_158' title='bbox 617 2594 659 2657; x_wconf 87' lang='lat' dir='ltr'>lle</span> <span class='ocrx_word' id='word_1_159' title='bbox 678 2594 864 2677; x_wconf 76' lang='lat' dir='ltr'>optimatium</span> <span class='ocrx_word' id='word_1_160' title='bbox 879 2604 976 2657; x_wconf 83' lang='lat' dir='ltr'>outoni</span> <span class='ocrx_word' id='word_1_161' title='bbox 992 2594 1096 2658; x_wconf 82' lang='lat' dir='ltr'>culino</span> <span class='ocrx_word' id='word_1_162' title='bbox 1112 2595 1238 2675; x_wconf 75' lang='lat' dir='ltr'>cogitare</span> <span class='ocrx_word' id='word_1_163' title='bbox 1253 2592 1461 2677; x_wconf 82' lang='lat' dir='ltr'>Xenophontis</span> 
     </span>
     <span class='ocr_line' id='line_1_19' title="bbox 298 2687 1461 2779; baseline 0.003 -24"><span class='ocrx_word' id='word_1_164' title='bbox 298 2696 384 2759; x_wconf 81' lang='lat' dir='ltr'>rerba</span> <span class='ocrx_word' id='word_1_165' title='bbox 404 2714 465 2759; x_wconf 90' lang='lat' dir='ltr'>non</span> <span class='ocrx_word' id='word_1_166' title='bbox 484 2697 652 2778; x_wconf 74' lang='lat' dir='ltr'>magistros</span> <span class='ocrx_word' id='word_1_167' title='bbox 667 2698 784 2770; x_wconf 81' lang='lat' dir='ltr'>sinunt,</span> <span class='ocrx_word' id='word_1_168' title='bbox 806 2718 910 2779; x_wconf 74' lang='lat' dir='ltr'>squam,</span> <span class='ocrx_word' id='word_1_169' title='bbox 929 2697 955 2759; x_wconf 87' lang='lat' dir='ltr'>si</span> <span class='ocrx_word' id='word_1_170' title='bbox 972 2698 1039 2779; x_wconf 89' lang='lat' dir='ltr'>quis</span> <span class='ocrx_word' id='word_1_171' title='bbox 1054 2698 1177 2762; x_wconf 83' lang='lat' dir='ltr'>dthcnis</span> <span class='ocrx_word' id='word_1_172' title='bbox 1191 2687 1371 2779; x_wconf 70' lang='grc' dir='ltr'><strong><em>ἐπιτίμους</em></strong></span> <span class='ocrx_word' id='word_1_173' title='bbox 1384 2695 1461 2759; x_wconf 83' lang='lat' dir='ltr'>eires</span> 
     </span>
     <span class='ocr_line' id='line_1_20' title="bbox 297 2799 1463 2885; baseline 0.001 -24"><span class='ocrx_word' id='word_1_174' title='bbox 297 2819 350 2861; x_wconf 91' lang='lat' dir='ltr'>eos</span> <span class='ocrx_word' id='word_1_175' title='bbox 375 2800 468 2863; x_wconf 84' lang='lat' dir='ltr'>luisse</span> <span class='ocrx_word' id='word_1_176' title='bbox 493 2800 584 2875; x_wconf 76' lang='lat' dir='ltr'>ilicet,</span> <span class='ocrx_word' id='word_1_177' title='bbox 610 2801 660 2884; x_wconf 90' lang='lat' dir='ltr'>qui</span> <span class='ocrx_word' id='word_1_178' title='bbox 680 2802 745 2865; x_wconf 89' lang='lat' dir='ltr'>sine</span> <span class='ocrx_word' id='word_1_179' title='bbox 763 2801 876 2884; x_wconf 89' lang='lat' dir='ltr'>probro</span> <span class='ocrx_word' id='word_1_180' title='bbox 895 2800 1041 2875; x_wconf 74' lang='lat' dir='ltr'>ets-erent,</span> <span class='ocrx_word' id='word_1_181' title='bbox 1067 2804 1118 2885; x_wconf 90' lang='lat' dir='ltr'>qui</span> <span class='ocrx_word' id='word_1_182' title='bbox 1137 2810 1233 2864; x_wconf 84' lang='lat' dir='ltr'>nutem</span> <span class='ocrx_word' id='word_1_183' title='bbox 1253 2800 1370 2882; x_wconf 80' lang='lat' dir='ltr'>gmrius</span> <span class='ocrx_word' id='word_1_184' title='bbox 1388 2799 1463 2863; x_wconf 89' lang='lat' dir='ltr'>deli·</span> 
     </span>
     <span class='ocr_line' id='line_1_21' title="bbox 295 2894 1462 2987; baseline 0.002 -23"><span class='ocrx_word' id='word_1_185' title='bbox 295 2902 445 2985; x_wconf 83' lang='lat' dir='ltr'>quissent,</span> <span class='ocrx_word' id='word_1_186' title='bbox 458 2914 613 2987; x_wconf 85' lang='lat' dir='ltr'>exemptos</span> <span class='ocrx_word' id='word_1_187' title='bbox 627 2904 737 2967; x_wconf 83' lang='lat' dir='ltr'>norun</span> <span class='ocrx_word' id='word_1_188' title='bbox 751 2922 878 2967; x_wconf 84' lang='lat' dir='ltr'>nrrmero</span> <span class='ocrx_word' id='word_1_189' title='bbox 892 2912 923 2966; x_wconf 89' lang='lat' dir='ltr'>ct</span> <span class='ocrx_word' id='word_1_190' title='bbox 937 2894 1078 2984; x_wconf 73' lang='grc' dir='ltr'><strong><em>ἀτίμοις</em></strong></span> <span class='ocrx_word' id='word_1_191' title='bbox 1092 2906 1186 2968; x_wconf 81' lang='lat' dir='ltr'>lectos</span> <span class='ocrx_word' id='word_1_192' title='bbox 1201 2924 1283 2979; x_wconf 85' lang='lat' dir='ltr'>esse,</span> <span class='ocrx_word' id='word_1_193' title='bbox 1301 2902 1371 2967; x_wconf 87' lang='lat' dir='ltr'>bine</span> <span class='ocrx_word' id='word_1_194' title='bbox 1383 2912 1462 2966; x_wconf 83' lang='lat' dir='ltr'>recte</span> 
     </span>
     <span class='ocr_line' id='line_1_22' title="bbox 295 2998 1520 3089; baseline 0 -21"><span class='ocrx_word' id='word_1_195' title='bbox 295 3005 482 3087; x_wconf 75' lang='lat' dir='ltr'>colligeretur</span> <span class='ocrx_word' id='word_1_196' title='bbox 501 3002 579 3084; x_wconf 73' lang='grc' dir='ltr'>τούς</span> <span class='ocrx_word' id='word_1_197' title='bbox 596 2998 775 3089; x_wconf 72' lang='grc' dir='ltr'><strong><em>ἐπιτίμοις</em></strong></span> <span class='ocrx_word' id='word_1_198' title='bbox 794 3005 886 3069; x_wconf 88' lang='lat' dir='ltr'>luisse</span> <span class='ocrx_word' id='word_1_199' title='bbox 905 3006 1073 3088; x_wconf 79' lang='lat' dir='ltr'>optimates.</span> <span class='ocrx_word' id='word_1_200' title='bbox 1093 3040 1136 3054; x_wconf 96' lang='lat'><em>-</em></span> <span class='ocrx_word' id='word_1_201' title='bbox 1155 3008 1235 3070; x_wconf 75' lang='lat' dir='ltr'>,liter</span> <span class='ocrx_word' id='word_1_202' title='bbox 1254 3008 1337 3069; x_wconf 85' lang='lat' dir='ltr'>locus</span> <span class='ocrx_word' id='word_1_203' title='bbox 1356 3015 1403 3070; x_wconf 88' lang='lat' dir='ltr'>est</span> <span class='ocrx_word' id='word_1_204' title='bbox 1422 3006 1461 3069; x_wconf 91' lang='lat' dir='ltr'>ib.</span> <span class='ocrx_word' id='word_1_205' title='bbox 1485 3026 1520 3078; x_wconf 73' lang='grc' dir='ltr'><strong>η</strong></span> 
     </span>
     <span class='ocr_line' id='line_1_23' title="bbox 296 3100 1464 3195; baseline -0.002 -24"><span class='ocrx_word' id='word_1_206' title='bbox 296 3128 360 3189; x_wconf 68' lang='grc' dir='ltr'><strong><em>σοι).</em></strong></span> <span class='ocrx_word' id='word_1_207' title='bbox 387 3108 469 3183; x_wconf 81' lang='lat' dir='ltr'>xm,</span> <span class='ocrx_word' id='word_1_208' title='bbox 497 3109 531 3171; x_wconf 85' lang='lat' dir='ltr'>l:</span> <span class='ocrx_word' id='word_1_209' title='bbox 564 3104 765 3195; x_wconf 74' lang='grc' dir='ltr'><strong><em>συσκηνοῦσι</em></strong></span> <span class='ocrx_word' id='word_1_210' title='bbox 790 3101 828 3172; x_wconf 76' lang='grc' dir='ltr'>δι’</span> <span class='ocrx_word' id='word_1_211' title='bbox 859 3106 927 3193; x_wconf 74' lang='grc' dir='ltr'>(τῷ</span> <span class='ocrx_word' id='word_1_212' title='bbox 952 3104 1103 3191; x_wconf 74' lang='grc' dir='ltr'>βασιλεῖ)</span> <span class='ocrx_word' id='word_1_213' title='bbox 1134 3110 1223 3192; x_wconf 78' lang='grc' dir='ltr'><strong><em>τρεῖς</em></strong></span> <span class='ocrx_word' id='word_1_214' title='bbox 1248 3100 1365 3191; x_wconf 73' lang='grc' dir='ltr'><strong><em>ίίιιίρτς</em></strong></span> <span class='ocrx_word' id='word_1_215' title='bbox 1390 3104 1464 3171; x_wconf 79' lang='grc' dir='ltr'>τῶν</span> 
     </span>
     <span class='ocr_line' id='line_1_24' title="bbox 295 3201 1461 3295; baseline -0.002 -22"><span class='ocrx_word' id='word_1_216' title='bbox 295 3202 315 3273; x_wconf 82' lang='lat' dir='ltr'>d</span> <span class='ocrx_word' id='word_1_217' title='bbox 320 3201 392 3291; x_wconf 90' lang='grc' dir='ltr'>μοί</span> <span class='ocrx_word' id='word_1_218' title='bbox 397 3228 462 3275; x_wconf 79' lang='lat' dir='ltr'>tor:</span> <span class='ocrx_word' id='word_1_219' title='bbox 484 3230 520 3274; x_wconf 86' lang='lat' dir='ltr'>cx</span> <span class='ocrx_word' id='word_1_220' title='bbox 535 3229 595 3292; x_wconf 94' lang='lat' dir='ltr'>quo</span> <span class='ocrx_word' id='word_1_221' title='bbox 610 3210 677 3275; x_wconf 87' lang='lat' dir='ltr'>loco</span> <span class='ocrx_word' id='word_1_222' title='bbox 692 3210 765 3274; x_wconf 93' lang='lat' dir='ltr'>nibil</span> <span class='ocrx_word' id='word_1_223' title='bbox 779 3210 939 3293; x_wconf 74' lang='lat' dir='ltr'>quidquem</span> <span class='ocrx_word' id='word_1_224' title='bbox 952 3210 981 3273; x_wconf 94' lang='lat' dir='ltr'>in</span> <span class='ocrx_word' id='word_1_225' title='bbox 994 3220 1128 3274; x_wconf 79' lang='lat' dir='ltr'>neutrum</span> <span class='ocrx_word' id='word_1_226' title='bbox 1140 3221 1254 3295; x_wconf 83' lang='lat' dir='ltr'>purtem</span> <span class='ocrx_word' id='word_1_227' title='bbox 1266 3210 1340 3275; x_wconf 88' lang='lat' dir='ltr'>ellici</span> <span class='ocrx_word' id='word_1_228' title='bbox 1352 3218 1461 3292; x_wconf 82' lang='lat' dir='ltr'>potest.</span> 
     </span>
     <span class='ocr_line' id='line_1_25' title="bbox 295 3312 1461 3397; baseline -0.003 -21"><span class='ocrx_word' id='word_1_229' title='bbox 295 3313 353 3376; x_wconf 90' lang='lat' dir='ltr'>nisi</span> <span class='ocrx_word' id='word_1_230' title='bbox 374 3313 399 3377; x_wconf 89' lang='lat' dir='ltr'>si</span> <span class='ocrx_word' id='word_1_231' title='bbox 419 3314 486 3397; x_wconf 90' lang='lat' dir='ltr'>quis</span> <span class='ocrx_word' id='word_1_232' title='bbox 507 3316 583 3377; x_wconf 80' lang='lat' dir='ltr'>torte</span> <span class='ocrx_word' id='word_1_233' title='bbox 601 3314 830 3378; x_wconf 77' lang='lat' dir='ltr'>contubernales</span> <span class='ocrx_word' id='word_1_234' title='bbox 851 3314 930 3394; x_wconf 75' lang='lat' dir='ltr'>regis</span> <span class='ocrx_word' id='word_1_235' title='bbox 950 3315 1047 3376; x_wconf 89' lang='lat' dir='ltr'>nullos</span> <span class='ocrx_word' id='word_1_236' title='bbox 1067 3314 1126 3376; x_wconf 92' lang='lat' dir='ltr'>nisi</span> <span class='ocrx_word' id='word_1_237' title='bbox 1141 3313 1302 3396; x_wconf 76' lang='lat' dir='ltr'>touqbtes</span> <span class='ocrx_word' id='word_1_238' title='bbox 1317 3324 1367 3376; x_wconf 84' lang='lat' dir='ltr'>nut</span> <span class='ocrx_word' id='word_1_239' title='bbox 1381 3312 1461 3394; x_wconf 87' lang='lat' dir='ltr'>opti·</span> 
     </span>
     <span class='ocr_line' id='line_1_26' title="bbox 297 3415 1461 3501; baseline -0.002 -22"><span class='ocrx_word' id='word_1_240' title='bbox 297 3426 391 3480; x_wconf 76' lang='lat' dir='ltr'>matos</span> <span class='ocrx_word' id='word_1_241' title='bbox 414 3417 476 3481; x_wconf 85' lang='lat' dir='ltr'>lieri</span> <span class='ocrx_word' id='word_1_242' title='bbox 499 3418 636 3501; x_wconf 89' lang='lat' dir='ltr'>potuisse</span> <span class='ocrx_word' id='word_1_243' title='bbox 656 3427 789 3482; x_wconf 77' lang='lat' dir='ltr'>autumet</span> <span class='ocrx_word' id='word_1_244' title='bbox 801 3424 808 3465; x_wconf 88' lang='lat'><strong>¹</strong></span> <span class='ocrx_word' id='word_1_245' title='bbox 821 3421 860 3495; x_wconf 81' lang='grc'>1).</span> <span class='ocrx_word' id='word_1_246' title='bbox 895 3418 997 3498; x_wconf 75' lang='lat' dir='ltr'>licque</span> <span class='ocrx_word' id='word_1_247' title='bbox 1016 3418 1084 3500; x_wconf 88' lang='lat' dir='ltr'>plus</span> <span class='ocrx_word' id='word_1_248' title='bbox 1103 3416 1179 3480; x_wconf 82' lang='lat' dir='ltr'>effici</span> <span class='ocrx_word' id='word_1_249' title='bbox 1203 3425 1301 3498; x_wconf 85' lang='lat' dir='ltr'>potest</span> <span class='ocrx_word' id='word_1_250' title='bbox 1319 3435 1353 3477; x_wconf 81' lang='lat' dir='ltr'>ex</span> <span class='ocrx_word' id='word_1_251' title='bbox 1374 3415 1461 3479; x_wconf 86' lang='lat' dir='ltr'>tertio</span> 
     </span>
     <span class='ocr_line' id='line_1_27' title="bbox 295 3518 1462 3602; baseline -0.003 -17"><span class='ocrx_word' id='word_1_252' title='bbox 295 3521 375 3594; x_wconf 86' lang='lat' dir='ltr'>loeo,</span> <span class='ocrx_word' id='word_1_253' title='bbox 395 3538 460 3602; x_wconf 87' lang='lat' dir='ltr'>cop.</span> <span class='ocrx_word' id='word_1_254' title='bbox 481 3519 563 3594; x_wconf 69' lang='lat' dir='ltr'>tut,</span> <span class='ocrx_word' id='word_1_255' title='bbox 584 3520 603 3581; x_wconf 83' lang='lat' dir='ltr'>t</span> <span class='ocrx_word' id='word_1_256' title='bbox 629 3521 681 3584; x_wconf 90' lang='lat' dir='ltr'>ubi</span> <span class='ocrx_word' id='word_1_257' title='bbox 702 3521 771 3584; x_wconf 89' lang='lat' dir='ltr'>item</span> <span class='ocrx_word' id='word_1_258' title='bbox 792 3522 829 3583; x_wconf 93' lang='lat' dir='ltr'>de</span> <span class='ocrx_word' id='word_1_259' title='bbox 847 3518 1106 3582; x_wconf 81' lang='lat' dir='ltr'>contubernalibus</span> <span class='ocrx_word' id='word_1_260' title='bbox 1121 3518 1198 3597; x_wconf 76' lang='lat' dir='ltr'>regis</span> <span class='ocrx_word' id='word_1_261' title='bbox 1215 3536 1314 3581; x_wconf 88' lang='lat' dir='ltr'>sermo</span> <span class='ocrx_word' id='word_1_262' title='bbox 1328 3527 1389 3591; x_wconf 78' lang='lat' dir='ltr'>est,</span> <span class='ocrx_word' id='word_1_263' title='bbox 1409 3518 1462 3600; x_wconf 91' lang='lat' dir='ltr'>qui</span> 
     </span>
     <span class='ocr_line' id='line_1_28' title="bbox 296 3612 1464 3703; baseline 0 -19"><span class='ocrx_word' id='word_1_264' title='bbox 296 3621 385 3685; x_wconf 79' lang='lat' dir='ltr'>etiam</span> <span class='ocrx_word' id='word_1_265' title='bbox 400 3622 430 3685; x_wconf 94' lang='lat' dir='ltr'>in</span> <span class='ocrx_word' id='word_1_266' title='bbox 444 3622 565 3703; x_wconf 85' lang='lat' dir='ltr'>proeliis</span> <span class='ocrx_word' id='word_1_267' title='bbox 581 3622 716 3703; x_wconf 76' lang='lat' dir='ltr'>proxime</span> <span class='ocrx_word' id='word_1_268' title='bbox 732 3642 801 3685; x_wconf 84' lang='lat' dir='ltr'>eum</span> <span class='ocrx_word' id='word_1_269' title='bbox 816 3620 987 3685; x_wconf 84' lang='lat' dir='ltr'>constitisse</span> <span class='ocrx_word' id='word_1_270' title='bbox 1001 3620 1148 3693; x_wconf 85' lang='lat' dir='ltr'>dicuntur,</span> <span class='ocrx_word' id='word_1_271' title='bbox 1165 3619 1316 3701; x_wconf 91' lang='lat' dir='ltr'>inquibus</span> <span class='ocrx_word' id='word_1_272' title='bbox 1332 3612 1408 3685; x_wconf 74' lang='grc' dir='ltr'><strong><em>’ὅσοι</em></strong></span> <span class='ocrx_word' id='word_1_273' title='bbox 1420 3612 1464 3684; x_wconf 81' lang='lat' dir='ltr'>r&#39;ir</span> 
     </span>
     <span class='ocr_line' id='line_1_29' title="bbox 297 3710 1464 3809; baseline -0.001 -22"><span class='ocrx_word' id='word_1_274' title='bbox 297 3716 454 3809; x_wconf 74' lang='lat' dir='ltr'>ciusqvoe</span> <span class='ocrx_word' id='word_1_275' title='bbox 475 3710 539 3786; x_wconf 79' lang='grc' dir='ltr'><strong><em>τίσι</em></strong></span> <span class='ocrx_word' id='word_1_276' title='bbox 560 3720 634 3785; x_wconf 71' lang='grc' dir='ltr'>τῶν</span> <span class='ocrx_word' id='word_1_277' title='bbox 655 3714 812 3804; x_wconf 76' lang='grc' dir='ltr'><strong><em>ὁμοίιον.</em></strong></span> <span class='ocrx_word' id='word_1_278' title='bbox 850 3722 981 3795; x_wconf 77' lang='lat' dir='ltr'>Quartus</span> <span class='ocrx_word' id='word_1_279' title='bbox 1000 3722 1084 3784; x_wconf 89' lang='lat' dir='ltr'>loeus</span> <span class='ocrx_word' id='word_1_280' title='bbox 1103 3731 1149 3785; x_wconf 86' lang='lat' dir='ltr'>est</span> <span class='ocrx_word' id='word_1_281' title='bbox 1173 3721 1284 3785; x_wconf 85' lang='lat' dir='ltr'>llrllen.</span> <span class='ocrx_word' id='word_1_282' title='bbox 1305 3722 1358 3794; x_wconf 83' lang='lat' dir='ltr'>tlt,</span> <span class='ocrx_word' id='word_1_283' title='bbox 1379 3722 1414 3798; x_wconf 80' lang='lat'>3,</span> <span class='ocrx_word' id='word_1_284' title='bbox 1433 3724 1464 3799; x_wconf 77' lang='lat' dir='ltr'>b,</span> 
     </span>
     <span class='ocr_line' id='line_1_30' title="bbox 298 3808 1464 3910; baseline -0.002 -21"><span class='ocrx_word' id='word_1_285' title='bbox 298 3827 334 3889; x_wconf 88' lang='lat' dir='ltr'>de.</span> <span class='ocrx_word' id='word_1_286' title='bbox 354 3825 521 3889; x_wconf 82' lang='lat' dir='ltr'>Cinsdone:</span> <span class='ocrx_word' id='word_1_287' title='bbox 550 3808 646 3901; x_wconf 70' lang='grc' dir='ltr'><strong><em>οὗτος</em></strong></span> <span class='ocrx_word' id='word_1_288' title='bbox 665 3816 699 3888; x_wconf 84' lang='grc' dir='ltr'>δ’</span> <span class='ocrx_word' id='word_1_289' title='bbox 710 3810 750 3910; x_wconf 76' lang='grc' dir='ltr'>ἦν</span> <span class='ocrx_word' id='word_1_290' title='bbox 768 3818 826 3887; x_wconf 82' lang='grc' dir='ltr'>καί</span> <span class='ocrx_word' id='word_1_291' title='bbox 844 3818 885 3888; x_wconf 84' lang='grc' dir='ltr'>τὸ</span> <span class='ocrx_word' id='word_1_292' title='bbox 905 3810 997 3899; x_wconf 73' lang='lat' dir='ltr'>sirloc</span> <span class='ocrx_word' id='word_1_293' title='bbox 1011 3820 1160 3900; x_wconf 72' lang='grc' dir='ltr'>νεανικὸς</span> <span class='ocrx_word' id='word_1_294' title='bbox 1178 3824 1240 3901; x_wconf 90' lang='lat' dir='ltr'>(sic</span> <span class='ocrx_word' id='word_1_295' title='bbox 1254 3842 1312 3887; x_wconf 89' lang='lat' dir='ltr'>scr.</span> <span class='ocrx_word' id='word_1_296' title='bbox 1329 3842 1375 3907; x_wconf 87' lang='lat' dir='ltr'>pr.</span> <span class='ocrx_word' id='word_1_297' title='bbox 1389 3846 1464 3889; x_wconf 82' lang='lat' dir='ltr'>rso·</span> 
     </span>
     <span class='ocr_line' id='line_1_31' title="bbox 298 3916 1464 4015; baseline 0.001 -24"><span class='ocrx_word' id='word_1_298' title='bbox 298 3920 442 4007; x_wconf 77' lang='grc' dir='ltr'><strong><em>νίσιιος),</em></strong></span> <span class='ocrx_word' id='word_1_299' title='bbox 461 3922 520 3993; x_wconf 78' lang='grc' dir='ltr'>καί</span> <span class='ocrx_word' id='word_1_300' title='bbox 537 3923 597 4015; x_wconf 68' lang='grc' dir='ltr'>τὴν</span> <span class='ocrx_word' id='word_1_301' title='bbox 616 3924 724 4015; x_wconf 62' lang='lat' dir='ltr'>quippe</span> <span class='ocrx_word' id='word_1_302' title='bbox 743 3916 920 4013; x_wconf 72' lang='grc' dir='ltr'><strong><em>τίοιοστος,</em></strong></span> <span class='ocrx_word' id='word_1_303' title='bbox 939 3918 980 3991; x_wconf 80' lang='lat' dir='ltr'>od</span> <span class='ocrx_word' id='word_1_304' title='bbox 997 3921 1112 4009; x_wconf 75' lang='lat' dir='ltr'>pedesne</span> <span class='ocrx_word' id='word_1_305' title='bbox 1131 3922 1197 3990; x_wconf 79' lang='grc' dir='ltr'>τῶν</span> <span class='ocrx_word' id='word_1_306' title='bbox 1215 3919 1352 4011; x_wconf 77' lang='grc' dir='ltr'><strong><em>ὁμοίιον.</em></strong></span> <span class='ocrx_word' id='word_1_307' title='bbox 1386 3928 1464 3993; x_wconf 83' lang='lat' dir='ltr'>Nibil</span> 
     </span>
     <span class='ocr_line' id='line_1_32' title="bbox 297 4028 1464 4115; baseline 0 -20"><span class='ocrx_word' id='word_1_308' title='bbox 297 4030 376 4095; x_wconf 80' lang='lat' dir='ltr'>eliud</span> <span class='ocrx_word' id='word_1_309' title='bbox 391 4050 428 4093; x_wconf 85' lang='lat' dir='ltr'>ex</span> <span class='ocrx_word' id='word_1_310' title='bbox 442 4031 580 4094; x_wconf 89' lang='lat' dir='ltr'>hocloco</span> <span class='ocrx_word' id='word_1_311' title='bbox 595 4030 753 4105; x_wconf 80' lang='lat' dir='ltr'>discimus,</span> <span class='ocrx_word' id='word_1_312' title='bbox 772 4049 861 4113; x_wconf 76' lang='lat' dir='ltr'>rpunm</span> <span class='ocrx_word' id='word_1_313' title='bbox 879 4028 972 4094; x_wconf 87' lang='lat' dir='ltr'>luisse</span> <span class='ocrx_word' id='word_1_314' title='bbox 988 4030 1017 4093; x_wconf 93' lang='lat' dir='ltr'>in</span> <span class='ocrx_word' id='word_1_315' title='bbox 1033 4030 1161 4094; x_wconf 78' lang='lat' dir='ltr'>lnrtrnio</span> <span class='ocrx_word' id='word_1_316' title='bbox 1177 4050 1239 4095; x_wconf 95' lang='lat' dir='ltr'>non</span> <span class='ocrx_word' id='word_1_317' title='bbox 1255 4051 1368 4115; x_wconf 83' lang='lat' dir='ltr'>pnuros</span> <span class='ocrx_word' id='word_1_318' title='bbox 1384 4032 1464 4096; x_wconf 80' lang='lat' dir='ltr'>uiros</span> 
     </span>
     <span class='ocr_line' id='line_1_33' title="bbox 298 4132 1464 4218; baseline 0.002 -19"><span class='ocrx_word' id='word_1_319' title='bbox 298 4144 439 4199; x_wconf 85' lang='lat' dir='ltr'>strenuos</span> <span class='ocrx_word' id='word_1_320' title='bbox 462 4134 659 4218; x_wconf 82' lang='lat' dir='ltr'>corporisque</span> <span class='ocrx_word' id='word_1_321' title='bbox 679 4147 709 4200; x_wconf 89' lang='lat' dir='ltr'>ot</span> <span class='ocrx_word' id='word_1_322' title='bbox 733 4132 826 4199; x_wconf 82' lang='lat' dir='ltr'>enimi</span> <span class='ocrx_word' id='word_1_323' title='bbox 844 4134 964 4198; x_wconf 92' lang='lat' dir='ltr'>dotibus</span> <span class='ocrx_word' id='word_1_324' title='bbox 984 4142 1188 4216; x_wconf 72' lang='lat' dir='ltr'>praestantes,</span> <span class='ocrx_word' id='word_1_325' title='bbox 1209 4135 1260 4218; x_wconf 93' lang='lat' dir='ltr'>qui</span> <span class='ocrx_word' id='word_1_326' title='bbox 1282 4148 1382 4200; x_wconf 84' lang='lat' dir='ltr'>tumen</span> <span class='ocrx_word' id='word_1_327' title='bbox 1401 4156 1464 4201; x_wconf 88' lang='lat' dir='ltr'>non</span> 
     </span>
     <span class='ocr_line' id='line_1_34' title="bbox 298 4237 1465 4323; baseline 0.002 -20"><span class='ocrx_word' id='word_1_328' title='bbox 298 4237 427 4303; x_wconf 88' lang='lat' dir='ltr'>llomooi</span> <span class='ocrx_word' id='word_1_329' title='bbox 441 4248 558 4315; x_wconf 82' lang='lat' dir='ltr'>essent,</span> <span class='ocrx_word' id='word_1_330' title='bbox 579 4240 609 4303; x_wconf 85' lang='lat' dir='ltr'>lr.</span> <span class='ocrx_word' id='word_1_331' title='bbox 624 4258 666 4316; x_wconf 88' lang='lat' dir='ltr'>e.‚</span> <span class='ocrx_word' id='word_1_332' title='bbox 688 4249 722 4303; x_wconf 90' lang='lat' dir='ltr'>ut</span> <span class='ocrx_word' id='word_1_333' title='bbox 736 4237 946 4323; x_wconf 77' lang='lat' dir='ltr'>Xenophontis</span> <span class='ocrx_word' id='word_1_334' title='bbox 962 4238 1049 4301; x_wconf 77' lang='lat' dir='ltr'>scriis</span> <span class='ocrx_word' id='word_1_335' title='bbox 1064 4248 1197 4322; x_wconf 78' lang='lat' dir='ltr'>repetam</span> <span class='ocrx_word' id='word_1_336' title='bbox 1212 4240 1312 4323; x_wconf 83' lang='lat' dir='ltr'>paullo</span> <span class='ocrx_word' id='word_1_337' title='bbox 1327 4250 1396 4305; x_wconf 79' lang='lat' dir='ltr'>ente</span> <span class='ocrx_word' id='word_1_338' title='bbox 1410 4242 1465 4305; x_wconf 84' lang='lat' dir='ltr'>ed·</span> 
     </span>
     <span class='ocr_line' id='line_1_35' title="bbox 298 4326 1463 4429; baseline 0.001 -21"><span class='ocrx_word' id='word_1_339' title='bbox 298 4343 422 4427; x_wconf 76' lang='lat' dir='ltr'>scripta,</span> <span class='ocrx_word' id='word_1_340' title='bbox 448 4326 500 4421; x_wconf 75' lang='grc' dir='ltr'>οἷς</span> <span class='ocrx_word' id='word_1_341' title='bbox 524 4333 584 4426; x_wconf 72' lang='grc' dir='ltr'>οὐχ</span> <span class='ocrx_word' id='word_1_342' title='bbox 610 4333 740 4409; x_wconf 70' lang='grc' dir='ltr'><strong><em>ἅπασιν</em></strong></span> <span class='ocrx_word' id='word_1_343' title='bbox 763 4331 934 4427; x_wconf 76' lang='grc' dir='ltr'><strong><em>ὁμοίωςῆ</em></strong></span> <span class='ocrx_word' id='word_1_344' title='bbox 962 4334 1062 4418; x_wconf 75' lang='grc' dir='ltr'><strong><em>πόλις</em></strong></span> <span class='ocrx_word' id='word_1_345' title='bbox 1087 4333 1198 4409; x_wconf 80' lang='grc' dir='ltr'><strong><em>οἰκεία</em></strong></span> <span class='ocrx_word' id='word_1_346' title='bbox 1223 4329 1271 4429; x_wconf 67' lang='grc' dir='ltr'>ἦν.</span> <span class='ocrx_word' id='word_1_347' title='bbox 1305 4344 1339 4409; x_wconf 92' lang='lat' dir='ltr'>ld</span> <span class='ocrx_word' id='word_1_348' title='bbox 1364 4353 1463 4411; x_wconf 78' lang='lat' dir='ltr'>autern</span> 
     </span>
    </p>
   </div>
   <div class='ocr_carea' id='block_1_3' title="bbox 301 4518 395 4528">
    <p class='ocr_par' dir='ltr' id='par_1_3' title="bbox 301 4518 395 4528">
     <span class='ocr_line' id='line_1_36' title="bbox 301 4518 395 4528; baseline 0 -1"><span class='ocrx_word' id='word_1_349' title='bbox 301 4518 395 4528; x_wconf 63' lang='grc'><em>.....-</em></span> 
     </span>
    </p>
   </div>
   <div class='ocr_carea' id='block_1_4' title="bbox 370 4598 1467 4673">
    <p class='ocr_par' dir='ltr' id='par_1_4' title="bbox 370 4598 1467 4673">
     <span class='ocr_line' id='line_1_37' title="bbox 370 4598 1467 4673; baseline 0.002 -16"><span class='ocrx_word' id='word_1_350' title='bbox 370 4602 410 4667; x_wconf 79' lang='lat' dir='ltr'>tn</span> <span class='ocrx_word' id='word_1_351' title='bbox 427 4602 472 4655; x_wconf 72' lang='lat' dir='ltr'>ste</span> <span class='ocrx_word' id='word_1_352' title='bbox 482 4617 543 4655; x_wconf 77' lang='lat' dir='ltr'>ruso</span> <span class='ocrx_word' id='word_1_353' title='bbox 555 4600 698 4655; x_wconf 68' lang='lat' dir='ltr'>Moriens</span> <span class='ocrx_word' id='word_1_354' title='bbox 709 4599 787 4672; x_wconf 71' lang='lat' dir='ltr'>pot:</span> <span class='ocrx_word' id='word_1_355' title='bbox 803 4598 889 4669; x_wconf 77' lang='lat' dir='ltr'>„rtet</span> <span class='ocrx_word' id='word_1_356' title='bbox 900 4600 944 4653; x_wconf 74' lang='lat' dir='ltr'>tbe</span> <span class='ocrx_word' id='word_1_357' title='bbox 956 4598 1052 4670; x_wconf 73' lang='lat' dir='ltr'>Bprolr</span> <span class='ocrx_word' id='word_1_358' title='bbox 1062 4616 1134 4655; x_wconf 72' lang='lat' dir='ltr'>were</span> <span class='ocrx_word' id='word_1_359' title='bbox 1143 4600 1297 4656; x_wconf 72' lang='lat' dir='ltr'>considered</span> <span class='ocrx_word' id='word_1_360' title='bbox 1305 4604 1467 4673; x_wconf 57' lang='lat' dir='ltr'>ulmus</span> 
     </span>
    </p>
   </div>
   <div class='ocr_carea' id='block_1_5' title="bbox 299 4686 1468 4847">
    <p class='ocr_par' dir='ltr' id='par_1_5' title="bbox 299 4686 1468 4847">
     <span class='ocr_line' id='line_1_38' title="bbox 299 4686 1468 4761; baseline 0.002 -19"><span class='ocrx_word' id='word_1_361' title='bbox 299 4687 813 4761; x_wconf 61' lang='grc' dir='ltr'>τῌτττωλιισιμίοδμιω,</span> <span class='ocrx_word' id='word_1_362' title='bbox 831 4686 1468 4758; x_wconf 61' lang='grc' dir='ltr'><strong><em>σιτμτῌτνηιῌσοιιιίταττιιιιιτίαττϋᾱ</em></strong></span> 
     </span>
     <span class='ocr_line' id='line_1_39' title="bbox 301 4772 1354 4847; baseline 0.001 -18"><span class='ocrx_word' id='word_1_363' title='bbox 301 4772 1135 4846; x_wconf 55' lang='grc' dir='ltr'>ὼΜοᾸαὴὼΜωιιωΜΜιμιίστημ</span> <span class='ocrx_word' id='word_1_364' title='bbox 1147 4776 1221 4830; x_wconf 73' lang='lat' dir='ltr'>nm</span> <span class='ocrx_word' id='word_1_365' title='bbox 1231 4774 1354 4847; x_wconf 74' lang='lat' dir='ltr'>quruts.¹¹</span> 
     </span>
    </p>
   </div>
   <div class='ocr_carea' id='block_1_6' title="bbox 0 0 1907 5609">
    <p class='ocr_par' dir='ltr' id='par_1_6' title="bbox 0 0 1907 5609">
     <span class='ocr_line' id='line_1_40' title="bbox 0 0 1907 5609; baseline 0 0"><span class='ocrx_word' id='word_1_366' title='bbox 0 0 1907 5609; x_wconf 95' lang='lat' dir='ltr'> </span> 
     </span>
    </p>
   </div>
  </div>
 </body>
</html>
