<?xml version="1.0" encoding="UTF-8"?>
<!DOCTYPE html PUBLIC "-//W3C//DTD XHTML 1.0 Transitional//EN"
    "http://www.w3.org/TR/xhtml1/DTD/xhtml1-transitional.dtd">
<html xmlns="http://www.w3.org/1999/xhtml" xml:lang="en" lang="en">
 <head>
  <title>
</title>
<meta http-equiv="Content-Type" content="text/html;charset=utf-8" />
  <meta name='ocr-system' content='tesseract 3.04.00' />
  <meta name='ocr-capabilities' content='ocr_page ocr_carea ocr_par ocr_line ocrx_word'/>
</head>
<body>
  <div class='ocr_page' id='page_1' title='image "./opusculaacademi02schgoog_0153.png"; bbox 0 0 3792 5609; ppageno 0'>
   <div class='ocr_carea' id='block_1_1' title="bbox 894 735 1097 835">
    <p class='ocr_par' dir='ltr' id='par_1_1' title="bbox 894 735 1097 835">
     <span class='ocr_line' id='line_1_1' title="bbox 894 735 1097 835; baseline 0.01 -2"><span class='ocrx_word' id='word_1_1' title='bbox 894 735 1097 835; x_wconf 68' lang='lat'><strong>.„..¹.².⁴...„.</strong></span> 
     </span>
    </p>
   </div>
   <div class='ocr_carea' id='block_1_2' title="bbox 355 926 1599 4450">
    <p class='ocr_par' dir='ltr' id='par_1_2' title="bbox 355 926 1599 4450">
     <span class='ocr_line' id='line_1_2' title="bbox 402 926 1577 1009; baseline 0.003 -13"><span class='ocrx_word' id='word_1_2' title='bbox 402 941 441 996; x_wconf 95' lang='lat' dir='ltr'><strong>ut</strong></span> <span class='ocrx_word' id='word_1_3' title='bbox 462 932 542 995; x_wconf 82' lang='lat' dir='ltr'><strong>inter</strong></span> <span class='ocrx_word' id='word_1_4' title='bbox 561 928 639 992; x_wconf 83' lang='lat' dir='ltr'><strong>rives</strong></span> <span class='ocrx_word' id='word_1_5' title='bbox 658 926 751 990; x_wconf 85' lang='lat' dir='ltr'><strong>luisse</strong></span> <span class='ocrx_word' id='word_1_6' title='bbox 769 926 905 991; x_wconf 75' lang='lat' dir='ltr'><strong>dieantur</strong></span> <span class='ocrx_word' id='word_1_7' title='bbox 923 928 1035 992; x_wconf 90' lang='lat' dir='ltr'><strong>nullam</strong></span> <span class='ocrx_word' id='word_1_8' title='bbox 1050 928 1122 993; x_wconf 85' lang='lat' dir='ltr'><strong>satis</strong></span> <span class='ocrx_word' id='word_1_9' title='bbox 1138 947 1256 1009; x_wconf 66' lang='lat' dir='ltr'><strong>marem</strong></span> <span class='ocrx_word' id='word_1_10' title='bbox 1272 950 1392 997; x_wconf 86' lang='lat' dir='ltr'><strong>reusam</strong></span> <span class='ocrx_word' id='word_1_11' title='bbox 1408 952 1489 999; x_wconf 76' lang='lat' dir='ltr'><strong>esser</strong></span> <span class='ocrx_word' id='word_1_12' title='bbox 1516 934 1577 1001; x_wconf 87' lang='lat' dir='ltr'><strong>beri</strong></span> 
     </span>
     <span class='ocr_line' id='line_1_3' title="bbox 402 1028 1577 1117; baseline 0.007 -22"><span class='ocrx_word' id='word_1_13' title='bbox 402 1033 560 1117; x_wconf 85' lang='lat' dir='ltr'><strong>potuisse,</strong></span> <span class='ocrx_word' id='word_1_14' title='bbox 587 1039 619 1094; x_wconf 91' lang='lat' dir='ltr'><strong>ut</strong></span> <span class='ocrx_word' id='word_1_15' title='bbox 636 1031 682 1093; x_wconf 89' lang='lat' dir='ltr'><strong>illa</strong></span> <span class='ocrx_word' id='word_1_16' title='bbox 701 1028 896 1113; x_wconf 76' lang='lat' dir='ltr'><strong>appellatione</strong></span> <span class='ocrx_word' id='word_1_17' title='bbox 914 1030 1054 1111; x_wconf 82' lang='lat' dir='ltr'><strong>Spartani</strong></span> <span class='ocrx_word' id='word_1_18' title='bbox 1079 1040 1176 1097; x_wconf 88' lang='lat' dir='ltr'><strong>semet</strong></span> <span class='ocrx_word' id='word_1_19' title='bbox 1193 1032 1252 1115; x_wconf 91' lang='lat' dir='ltr'><strong>ipsi</strong></span> <span class='ocrx_word' id='word_1_20' title='bbox 1272 1042 1421 1099; x_wconf 89' lang='lat' dir='ltr'><strong>tantuma</strong></span> <span class='ocrx_word' id='word_1_21' title='bbox 1442 1038 1577 1115; x_wconf 85' lang='lat' dir='ltr'><strong>subditis,</strong></span> 
     </span>
     <span class='ocr_line' id='line_1_4' title="bbox 402 1134 1579 1221; baseline 0.008 -25"><span class='ocrx_word' id='word_1_22' title='bbox 402 1136 458 1219; x_wconf 76' lang='lat' dir='ltr'><strong>qui</strong></span> <span class='ocrx_word' id='word_1_23' title='bbox 480 1135 563 1199; x_wconf 88' lang='lat' dir='ltr'><strong>liberi</strong></span> <span class='ocrx_word' id='word_1_24' title='bbox 583 1134 717 1216; x_wconf 78' lang='lat' dir='ltr'><strong>pridem,</strong></span> <span class='ocrx_word' id='word_1_25' title='bbox 736 1152 831 1216; x_wconf 87' lang='lat' dir='ltr'><strong>noque</strong></span> <span class='ocrx_word' id='word_1_26' title='bbox 851 1142 951 1199; x_wconf 73' lang='lat' dir='ltr'><strong>umen</strong></span> <span class='ocrx_word' id='word_1_27' title='bbox 971 1134 1108 1218; x_wconf 88' lang='lat' dir='ltr'><strong>ipsomm</strong></span> <span class='ocrx_word' id='word_1_28' title='bbox 1122 1156 1209 1220; x_wconf 88' lang='lat' dir='ltr'><strong>pures</strong></span> <span class='ocrx_word' id='word_1_29' title='bbox 1224 1146 1339 1212; x_wconf 86' lang='lat' dir='ltr'><strong>essent,</strong></span> <span class='ocrx_word' id='word_1_30' title='bbox 1360 1138 1579 1221; x_wconf 70' lang='lat' dir='ltr'><strong>distinguerent,</strong></span> 
     </span>
     <span class='ocr_line' id='line_1_5' title="bbox 401 1236 1579 1328; baseline 0.007 -26"><span class='ocrx_word' id='word_1_31' title='bbox 401 1240 544 1321; x_wconf 80' lang='lat' dir='ltr'><strong>ideoque,</strong></span> <span class='ocrx_word' id='word_1_32' title='bbox 558 1236 674 1301; x_wconf 88' lang='lat' dir='ltr'><strong>etiamsi</strong></span> <span class='ocrx_word' id='word_1_33' title='bbox 688 1237 801 1302; x_wconf 89' lang='lat' dir='ltr'><strong>nullum</strong></span> <span class='ocrx_word' id='word_1_34' title='bbox 816 1236 846 1301; x_wconf 90' lang='lat' dir='ltr'><strong>in</strong></span> <span class='ocrx_word' id='word_1_35' title='bbox 861 1238 990 1302; x_wconf 77' lang='lat' dir='ltr'><strong>Laconia</strong></span> <span class='ocrx_word' id='word_1_36' title='bbox 1006 1258 1099 1323; x_wconf 80' lang='lat' dir='ltr'><strong>genus</strong></span> <span class='ocrx_word' id='word_1_37' title='bbox 1113 1240 1269 1305; x_wconf 91' lang='lat' dir='ltr'><strong>bominum</strong></span> <span class='ocrx_word' id='word_1_38' title='bbox 1285 1251 1401 1325; x_wconf 86' lang='lat' dir='ltr'><strong>praeter</strong></span> <span class='ocrx_word' id='word_1_39' title='bbox 1414 1244 1579 1328; x_wconf 82' lang='lat' dir='ltr'><strong>Spartanos</strong></span> 
     </span>
     <span class='ocr_line' id='line_1_6' title="bbox 400 1340 1579 1426; baseline 0.007 -21"><span class='ocrx_word' id='word_1_40' title='bbox 400 1361 573 1424; x_wconf 75' lang='lat' dir='ltr'><strong>contorque</strong></span> <span class='ocrx_word' id='word_1_41' title='bbox 586 1342 745 1406; x_wconf 81' lang='lat' dir='ltr'><strong>Perioeoos</strong></span> <span class='ocrx_word' id='word_1_42' title='bbox 761 1340 876 1415; x_wconf 86' lang='lat' dir='ltr'><strong>luisset,</strong></span> <span class='ocrx_word' id='word_1_43' title='bbox 890 1376 935 1389; x_wconf 93' lang='lat'>-</span> <span class='ocrx_word' id='word_1_44' title='bbox 948 1361 1020 1408; x_wconf 89' lang='lat' dir='ltr'><strong>nam</strong></span> <span class='ocrx_word' id='word_1_45' title='bbox 1035 1345 1072 1409; x_wconf 88' lang='lat' dir='ltr'><strong>de</strong></span> <span class='ocrx_word' id='word_1_46' title='bbox 1086 1344 1238 1409; x_wconf 85' lang='lat' dir='ltr'><strong>llelotibus</strong></span> <span class='ocrx_word' id='word_1_47' title='bbox 1254 1345 1311 1409; x_wconf 90' lang='lat' dir='ltr'><strong>diei</strong></span> <span class='ocrx_word' id='word_1_48' title='bbox 1326 1346 1398 1410; x_wconf 82' lang='lat' dir='ltr'>nihil</span> <span class='ocrx_word' id='word_1_49' title='bbox 1413 1348 1526 1426; x_wconf 89' lang='lat' dir='ltr'><strong>attinet,</strong></span> <span class='ocrx_word' id='word_1_50' title='bbox 1536 1384 1579 1399; x_wconf 90' lang='lat'><strong>—·</strong></span> 
     </span>
     <span class='ocr_line' id='line_1_7' title="bbox 403 1444 1579 1533; baseline 0.004 -22"><span class='ocrx_word' id='word_1_51' title='bbox 403 1456 511 1511; x_wconf 78' lang='grc' dir='ltr'>ιειιιειι</span> <span class='ocrx_word' id='word_1_52' title='bbox 529 1446 601 1510; x_wconf 91' lang='lat' dir='ltr'><strong>nibil</strong></span> <span class='ocrx_word' id='word_1_53' title='bbox 621 1445 755 1524; x_wconf 89' lang='lat' dir='ltr'><strong>obstare,</strong></span> <span class='ocrx_word' id='word_1_54' title='bbox 780 1446 941 1529; x_wconf 86' lang='lat' dir='ltr'><strong>quominus</strong></span> <span class='ocrx_word' id='word_1_55' title='bbox 961 1444 1029 1511; x_wconf 89' lang='lat' dir='ltr'><strong>illos</strong></span> <span class='ocrx_word' id='word_1_56' title='bbox 1050 1466 1155 1513; x_wconf 83' lang='lat' dir='ltr'><strong>omnes</strong></span> <span class='ocrx_word' id='word_1_57' title='bbox 1174 1468 1191 1512; x_wconf 90' lang='lat' dir='ltr'><strong>a</strong></span> <span class='ocrx_word' id='word_1_58' title='bbox 1211 1448 1374 1526; x_wconf 85' lang='lat' dir='ltr'><strong>Perioecis,</strong></span> <span class='ocrx_word' id='word_1_59' title='bbox 1400 1450 1579 1533; x_wconf 71' lang='lat' dir='ltr'>quibuscum</span> 
     </span>
     <span class='ocr_line' id='line_1_8' title="bbox 402 1549 1580 1628; baseline 0.004 -13"><span class='ocrx_word' id='word_1_60' title='bbox 402 1568 571 1615; x_wconf 87' lang='lat' dir='ltr'><strong>commune</strong></span> <span class='ocrx_word' id='word_1_61' title='bbox 588 1549 890 1614; x_wconf 84' lang='lat' dir='ltr'><strong>Lacedaemoniorum</strong></span> <span class='ocrx_word' id='word_1_62' title='bbox 910 1570 1024 1615; x_wconf 90' lang='lat' dir='ltr'><strong>nomen</strong></span> <span class='ocrx_word' id='word_1_63' title='bbox 1043 1550 1204 1628; x_wconf 86' lang='lat' dir='ltr'><strong>habebant,</strong></span> <span class='ocrx_word' id='word_1_64' title='bbox 1234 1552 1439 1617; x_wconf 90' lang='lat' dir='ltr'><strong>llomoeorum</strong></span> <span class='ocrx_word' id='word_1_65' title='bbox 1458 1556 1580 1620; x_wconf 89' lang='lat' dir='ltr'><strong>nomine</strong></span> 
     </span>
     <span class='ocr_line' id='line_1_9' title="bbox 402 1654 1578 1740; baseline 0.005 -24"><span class='ocrx_word' id='word_1_66' title='bbox 402 1654 556 1719; x_wconf 83' lang='lat' dir='ltr'><strong>discretos</strong></span> <span class='ocrx_word' id='word_1_67' title='bbox 574 1674 642 1717; x_wconf 90' lang='lat' dir='ltr'><strong>esse</strong></span> <span class='ocrx_word' id='word_1_68' title='bbox 661 1662 834 1718; x_wconf 81' lang='lat' dir='ltr'><strong>statuamus</strong></span> <span class='ocrx_word' id='word_1_69' title='bbox 870 1654 977 1719; x_wconf 76' lang='lat' dir='ltr'><strong>venun</strong></span> <span class='ocrx_word' id='word_1_70' title='bbox 995 1654 1083 1719; x_wconf 86' lang='lat' dir='ltr'><strong>etiarn</strong></span> <span class='ocrx_word' id='word_1_71' title='bbox 1099 1656 1125 1721; x_wconf 91' lang='lat' dir='ltr'><strong>si</strong></span> <span class='ocrx_word' id='word_1_72' title='bbox 1141 1655 1207 1739; x_wconf 83' lang='lat' dir='ltr'><strong>quis</strong></span> <span class='ocrx_word' id='word_1_73' title='bbox 1223 1655 1404 1740; x_wconf 77' lang='lat' dir='ltr'><strong>probabilius</strong></span> <span class='ocrx_word' id='word_1_74' title='bbox 1421 1678 1490 1721; x_wconf 84' lang='lat' dir='ltr'><strong>esse</strong></span> <span class='ocrx_word' id='word_1_75' title='bbox 1505 1677 1578 1722; x_wconf 93' lang='lat' dir='ltr'><strong>con·</strong></span> 
     </span>
     <span class='ocr_line' id='line_1_10' title="bbox 403 1758 1580 1845; baseline 0.002 -22"><span class='ocrx_word' id='word_1_76' title='bbox 403 1760 521 1835; x_wconf 76' lang='lat' dir='ltr'><strong>tendat,</strong></span> <span class='ocrx_word' id='word_1_77' title='bbox 551 1760 629 1823; x_wconf 77' lang='lat' dir='ltr'><strong>liano</strong></span> <span class='ocrx_word' id='word_1_78' title='bbox 647 1758 874 1843; x_wconf 73' lang='lat' dir='ltr'><strong>appellationem</strong></span> <span class='ocrx_word' id='word_1_79' title='bbox 893 1758 963 1823; x_wconf 89' lang='lat' dir='ltr'><strong>inde</strong></span> <span class='ocrx_word' id='word_1_80' title='bbox 982 1768 1078 1825; x_wconf 86' lang='lat' dir='ltr'><strong>ortam</strong></span> <span class='ocrx_word' id='word_1_81' title='bbox 1098 1780 1179 1838; x_wconf 86' lang='lat' dir='ltr'><strong>esse,</strong></span> <span class='ocrx_word' id='word_1_82' title='bbox 1199 1761 1279 1844; x_wconf 83' lang='lat' dir='ltr'><strong>quod</strong></span> <span class='ocrx_word' id='word_1_83' title='bbox 1295 1760 1353 1845; x_wconf 83' lang='lat' dir='ltr'><strong>ipsi</strong></span> <span class='ocrx_word' id='word_1_84' title='bbox 1369 1779 1487 1843; x_wconf 84' lang='lat' dir='ltr'><strong>quoque</strong></span> <span class='ocrx_word' id='word_1_85' title='bbox 1503 1761 1580 1826; x_wconf 82' lang='lat' dir='ltr'><strong>ciues</strong></span> 
     </span>
     <span class='ocr_line' id='line_1_11' title="bbox 404 1861 1579 1950; baseline 0.003 -23"><span class='ocrx_word' id='word_1_86' title='bbox 404 1864 551 1948; x_wconf 82' lang='lat' dir='ltr'><strong>Spartani</strong></span> <span class='ocrx_word' id='word_1_87' title='bbox 571 1882 677 1927; x_wconf 87' lang='lat' dir='ltr'><strong>omues</strong></span> <span class='ocrx_word' id='word_1_88' title='bbox 696 1861 775 1927; x_wconf 89' lang='lat' dir='ltr'><strong>inter</strong></span> <span class='ocrx_word' id='word_1_89' title='bbox 792 1883 826 1927; x_wconf 87' lang='lat' dir='ltr'><strong>se</strong></span> <span class='ocrx_word' id='word_1_90' title='bbox 849 1881 936 1946; x_wconf 88' lang='lat' dir='ltr'><strong>parea</strong></span> <span class='ocrx_word' id='word_1_91' title='bbox 951 1884 1018 1929; x_wconf 88' lang='lat' dir='ltr'><strong>esse</strong></span> <span class='ocrx_word' id='word_1_92' title='bbox 1033 1864 1187 1939; x_wconf 88' lang='lat' dir='ltr'><strong>desierint,</strong></span> <span class='ocrx_word' id='word_1_93' title='bbox 1208 1882 1370 1948; x_wconf 87' lang='lat' dir='ltr'><strong>paucorum</strong></span> <span class='ocrx_word' id='word_1_94' title='bbox 1386 1874 1485 1929; x_wconf 86' lang='lat' dir='ltr'><strong>tamen</strong></span> <span class='ocrx_word' id='word_1_95' title='bbox 1501 1866 1579 1950; x_wconf 91' lang='lat' dir='ltr'><strong>opti·</strong></span> 
     </span>
     <span class='ocr_line' id='line_1_12' title="bbox 405 1966 1580 2053; baseline 0.003 -22"><span class='ocrx_word' id='word_1_96' title='bbox 405 1969 535 2033; x_wconf 74' lang='lat' dir='ltr'><strong>nntium</strong></span> <span class='ocrx_word' id='word_1_97' title='bbox 560 1967 698 2032; x_wconf 86' lang='lat' dir='ltr'><strong>ordinem</strong></span> <span class='ocrx_word' id='word_1_98' title='bbox 723 1986 759 2031; x_wconf 85' lang='lat' dir='ltr'><strong>ex</strong></span> <span class='ocrx_word' id='word_1_99' title='bbox 784 1966 928 2031; x_wconf 91' lang='lat' dir='ltr'><strong>llomoeis</strong></span> <span class='ocrx_word' id='word_1_100' title='bbox 954 1987 991 2032; x_wconf 90' lang='lat' dir='ltr'><strong>ne</strong></span> <span class='ocrx_word' id='word_1_101' title='bbox 1017 1968 1204 2051; x_wconf 84' lang='lat' dir='ltr'><strong>sicquidem</strong></span> <span class='ocrx_word' id='word_1_102' title='bbox 1231 1968 1308 2033; x_wconf 88' lang='lat' dir='ltr'><strong>ellici</strong></span> <span class='ocrx_word' id='word_1_103' title='bbox 1335 1990 1425 2053; x_wconf 86' lang='lat' dir='ltr'><strong>posse</strong></span> <span class='ocrx_word' id='word_1_104' title='bbox 1444 1967 1580 2035; x_wconf 84' lang='lat' dir='ltr'><strong>arbitror.</strong></span> 
     </span>
     <span class='ocr_line' id='line_1_13' title="bbox 406 2071 1577 2155; baseline 0 -18"><span class='ocrx_word' id='word_1_105' title='bbox 406 2074 622 2150; x_wconf 78' lang='lat' dir='ltr'><strong>Quaerendum</strong></span> <span class='ocrx_word' id='word_1_106' title='bbox 637 2079 765 2135; x_wconf 87' lang='lat' dir='ltr'><strong>estante</strong></span> <span class='ocrx_word' id='word_1_107' title='bbox 779 2071 893 2147; x_wconf 90' lang='lat' dir='ltr'><strong>omnia,</strong></span> <span class='ocrx_word' id='word_1_108' title='bbox 908 2071 1018 2155; x_wconf 83' lang='lat' dir='ltr'><strong>quibua</strong></span> <span class='ocrx_word' id='word_1_109' title='bbox 1034 2073 1070 2136; x_wconf 88' lang='lat' dir='ltr'><strong>de</strong></span> <span class='ocrx_word' id='word_1_110' title='bbox 1085 2072 1183 2137; x_wconf 86' lang='lat' dir='ltr'><strong>causis</strong></span> <span class='ocrx_word' id='word_1_111' title='bbox 1198 2074 1309 2137; x_wconf 84' lang='lat' dir='ltr'><strong>lactum</strong></span> <span class='ocrx_word' id='word_1_112' title='bbox 1325 2072 1376 2149; x_wconf 87' lang='lat' dir='ltr'><strong>sit,</strong></span> <span class='ocrx_word' id='word_1_113' title='bbox 1395 2082 1429 2137; x_wconf 92' lang='grc' dir='ltr'><strong>ιιι</strong></span> <span class='ocrx_word' id='word_1_114' title='bbox 1442 2074 1577 2137; x_wconf 86' lang='lat' dir='ltr'><strong>nonnulli</strong></span> 
     </span>
     <span class='ocr_line' id='line_1_14' title="bbox 407 2174 1580 2253; baseline 0.003 -14"><span class='ocrx_word' id='word_1_115' title='bbox 407 2186 464 2241; x_wconf 86' lang='lat' dir='ltr'><strong>aut</strong></span> <span class='ocrx_word' id='word_1_116' title='bbox 475 2175 675 2240; x_wconf 80' lang='lat' dir='ltr'><strong>eximerentur</strong></span> <span class='ocrx_word' id='word_1_117' title='bbox 690 2174 893 2239; x_wconf 85' lang='lat' dir='ltr'><strong>llomoeomm</strong></span> <span class='ocrx_word' id='word_1_118' title='bbox 907 2194 1051 2253; x_wconf 89' lang='lat' dir='ltr'><strong>numero,</strong></span> <span class='ocrx_word' id='word_1_119' title='bbox 1066 2186 1193 2240; x_wconf 88' lang='lat' dir='ltr'><strong>autnon</strong></span> <span class='ocrx_word' id='word_1_120' title='bbox 1208 2176 1442 2241; x_wconf 84' lang='lat' dir='ltr'><strong>admitterentur.</strong></span> <span class='ocrx_word' id='word_1_121' title='bbox 1469 2178 1580 2241; x_wconf 89' lang='lat' dir='ltr'><strong>llarum</strong></span> 
     </span>
     <span class='ocr_line' id='line_1_15' title="bbox 355 2278 1581 2362; baseline -0.003 -15"><span class='ocrx_word' id='word_1_122' title='bbox 355 2295 390 2347; x_wconf 70' lang='lat' dir='ltr'><strong>ta</strong></span> <span class='ocrx_word' id='word_1_123' title='bbox 408 2300 504 2344; x_wconf 92' lang='lat' dir='ltr'><strong>unam</strong></span> <span class='ocrx_word' id='word_1_124' title='bbox 518 2279 744 2362; x_wconf 88' lang='lat' dir='ltr'><strong>ellenopbonte</strong></span> <span class='ocrx_word' id='word_1_125' title='bbox 759 2278 979 2359; x_wconf 73' lang='lat' dir='ltr'><strong>cognoscimus,</strong></span> <span class='ocrx_word' id='word_1_126' title='bbox 994 2298 1056 2343; x_wconf 94' lang='lat' dir='ltr'><strong>non</strong></span> <span class='ocrx_word' id='word_1_127' title='bbox 1072 2280 1257 2343; x_wconf 75' lang='lat' dir='ltr'><strong>observatam</strong></span> <span class='ocrx_word' id='word_1_128' title='bbox 1273 2278 1458 2362; x_wconf 82' lang='lat' dir='ltr'><strong>disciplinam</strong></span> <span class='ocrx_word' id='word_1_129' title='bbox 1469 2279 1581 2361; x_wconf 75' lang='lat' dir='ltr'><strong>Lycur·</strong></span> 
     </span>
     <span class='ocr_line' id='line_1_16' title="bbox 409 2380 1581 2466; baseline 0 -19"><span class='ocrx_word' id='word_1_130' title='bbox 409 2403 508 2466; x_wconf 76' lang='lat' dir='ltr'><strong>geam.</strong></span> <span class='ocrx_word' id='word_1_131' title='bbox 537 2380 692 2447; x_wconf 82' lang='lat' dir='ltr'><strong>Probabile</strong></span> <span class='ocrx_word' id='word_1_132' title='bbox 707 2390 761 2456; x_wconf 87' lang='lat' dir='ltr'><strong>est,</strong></span> <span class='ocrx_word' id='word_1_133' title='bbox 780 2381 831 2463; x_wconf 85' lang='lat' dir='ltr'><strong>qui</strong></span> <span class='ocrx_word' id='word_1_134' title='bbox 846 2401 912 2444; x_wconf 89' lang='lat' dir='ltr'><strong>eam</strong></span> <span class='ocrx_word' id='word_1_135' title='bbox 927 2401 991 2446; x_wconf 91' lang='lat' dir='ltr'><strong>non</strong></span> <span class='ocrx_word' id='word_1_136' title='bbox 1007 2383 1211 2457; x_wconf 77' lang='lat' dir='ltr'><strong>observarent,</strong></span> <span class='ocrx_word' id='word_1_137' title='bbox 1231 2400 1293 2445; x_wconf 93' lang='lat' dir='ltr'><strong>non</strong></span> <span class='ocrx_word' id='word_1_138' title='bbox 1309 2392 1409 2446; x_wconf 89' lang='lat' dir='ltr'><strong>tamen</strong></span> <span class='ocrx_word' id='word_1_139' title='bbox 1424 2391 1581 2465; x_wconf 86' lang='lat' dir='ltr'><strong>propterea</strong></span> 
     </span>
     <span class='ocr_line' id='line_1_17' title="bbox 408 2486 1580 2567; baseline -0.002 -16"><span class='ocrx_word' id='word_1_140' title='bbox 408 2489 500 2551; x_wconf 84' lang='lat' dir='ltr'><strong>etiam</strong></span> <span class='ocrx_word' id='word_1_141' title='bbox 511 2486 626 2550; x_wconf 80' lang='lat' dir='ltr'><strong>ciuitate</strong></span> <span class='ocrx_word' id='word_1_142' title='bbox 640 2504 765 2567; x_wconf 87' lang='lat' dir='ltr'><strong>prorsus</strong></span> <span class='ocrx_word' id='word_1_143' title='bbox 779 2486 911 2567; x_wconf 79' lang='lat' dir='ltr'><strong>privatos</strong></span> <span class='ocrx_word' id='word_1_144' title='bbox 922 2505 992 2549; x_wconf 90' lang='lat' dir='ltr'><strong>esso</strong></span> <span class='ocrx_word' id='word_1_145' title='bbox 1003 2492 1010 2532; x_wconf 91' lang='lat'>¹</span> <span class='ocrx_word' id='word_1_146' title='bbox 1022 2488 1066 2565; x_wconf 81' lang='lat'><strong>⁰).</strong></span> <span class='ocrx_word' id='word_1_147' title='bbox 1087 2486 1245 2551; x_wconf 88' lang='lat' dir='ltr'><strong>llesiemnt</strong></span> <span class='ocrx_word' id='word_1_148' title='bbox 1255 2486 1392 2562; x_wconf 91' lang='lat' dir='ltr'><strong>llomoei,</strong></span> <span class='ocrx_word' id='word_1_149' title='bbox 1409 2503 1470 2549; x_wconf 89' lang='lat' dir='ltr'><strong>non</strong></span> <span class='ocrx_word' id='word_1_150' title='bbox 1482 2495 1580 2549; x_wconf 86' lang='lat' dir='ltr'><strong>autem</strong></span> 
     </span>
     <span class='ocr_line' id='line_1_18' title="bbox 410 2587 1580 2667; baseline -0.003 -12"><span class='ocrx_word' id='word_1_151' title='bbox 410 2592 566 2656; x_wconf 87' lang='lat' dir='ltr'><strong>desierunt</strong></span> <span class='ocrx_word' id='word_1_152' title='bbox 578 2590 657 2653; x_wconf 82' lang='lat' dir='ltr'><strong>eires</strong></span> <span class='ocrx_word' id='word_1_153' title='bbox 672 2610 754 2667; x_wconf 71' lang='lat' dir='ltr'><strong>esse,</strong></span> <span class='ocrx_word' id='word_1_154' title='bbox 768 2590 821 2652; x_wconf 88' lang='lat' dir='ltr'><strong>sed</strong></span> <span class='ocrx_word' id='word_1_155' title='bbox 837 2589 916 2653; x_wconf 77' lang='lat' dir='ltr'><strong>ciues</strong></span> <span class='ocrx_word' id='word_1_156' title='bbox 933 2597 1019 2653; x_wconf 86' lang='lat' dir='ltr'><strong>erant</strong></span> <span class='ocrx_word' id='word_1_157' title='bbox 1032 2588 1181 2654; x_wconf 78' lang='lat' dir='ltr'><strong>inferioris</strong></span> <span class='ocrx_word' id='word_1_158' title='bbox 1196 2589 1310 2654; x_wconf 90' lang='lat' dir='ltr'><strong>ordinis</strong></span> <span class='ocrx_word' id='word_1_159' title='bbox 1326 2598 1356 2653; x_wconf 91' lang='lat' dir='ltr'><strong>et</strong></span> <span class='ocrx_word' id='word_1_160' title='bbox 1367 2590 1404 2653; x_wconf 92' lang='lat' dir='ltr'><strong>ub</strong></span> <span class='ocrx_word' id='word_1_161' title='bbox 1415 2587 1580 2653; x_wconf 87' lang='lat' dir='ltr'><strong>bonoribus</strong></span> 
     </span>
     <span class='ocr_line' id='line_1_19' title="bbox 409 2691 1581 2779; baseline -0.002 -20"><span class='ocrx_word' id='word_1_162' title='bbox 409 2694 604 2779; x_wconf 86' lang='lat' dir='ltr'><strong>reipublicae</strong></span> <span class='ocrx_word' id='word_1_163' title='bbox 618 2693 729 2757; x_wconf 80' lang='lat' dir='ltr'><strong>exclusi</strong></span> <span class='ocrx_word' id='word_1_164' title='bbox 743 2711 797 2776; x_wconf 87' lang='lat' dir='ltr'><strong>per</strong></span> <span class='ocrx_word' id='word_1_165' title='bbox 811 2693 964 2775; x_wconf 78' lang='lat' dir='ltr'><strong>quandam</strong></span> <span class='ocrx_word' id='word_1_166' title='bbox 984 2694 1068 2777; x_wconf 82' lang='lat' dir='ltr'><strong>‹puasi</strong></span> <span class='ocrx_word' id='word_1_167' title='bbox 1089 2694 1193 2778; x_wconf 86' lang='lat' dir='ltr'><strong>capitis</strong></span> <span class='ocrx_word' id='word_1_168' title='bbox 1214 2691 1458 2767; x_wconf 86' lang='lat' dir='ltr'><strong>deminutionem,</strong></span> <span class='ocrx_word' id='word_1_169' title='bbox 1478 2702 1512 2756; x_wconf 95' lang='lat' dir='ltr'><strong>ut</strong></span> <span class='ocrx_word' id='word_1_170' title='bbox 1531 2692 1581 2775; x_wconf 90' lang='lat' dir='ltr'><strong>qui</strong></span> 
     </span>
     <span class='ocr_line' id='line_1_20' title="bbox 410 2797 1581 2880; baseline -0.005 -14"><span class='ocrx_word' id='word_1_171' title='bbox 410 2802 526 2866; x_wconf 82' lang='lat' dir='ltr'><strong>Romae</strong></span> <span class='ocrx_word' id='word_1_172' title='bbox 545 2798 576 2862; x_wconf 94' lang='lat' dir='ltr'><strong>in</strong></span> <span class='ocrx_word' id='word_1_173' title='bbox 596 2798 744 2862; x_wconf 74' lang='lat' dir='ltr'><strong>Caeritum</strong></span> <span class='ocrx_word' id='word_1_174' title='bbox 762 2797 879 2861; x_wconf 81' lang='lat' dir='ltr'><strong>tabulas</strong></span> <span class='ocrx_word' id='word_1_175' title='bbox 897 2798 1115 2875; x_wconf 77' lang='lat' dir='ltr'><strong>referebantur,</strong></span> <span class='ocrx_word' id='word_1_176' title='bbox 1130 2817 1228 2880; x_wconf 82' lang='lat' dir='ltr'><strong>neque</strong></span> <span class='ocrx_word' id='word_1_177' title='bbox 1243 2806 1341 2861; x_wconf 89' lang='lat' dir='ltr'><strong>tumen</strong></span> <span class='ocrx_word' id='word_1_178' title='bbox 1357 2804 1514 2880; x_wconf 89' lang='lat' dir='ltr'><strong>propterea</strong></span> <span class='ocrx_word' id='word_1_179' title='bbox 1529 2816 1581 2860; x_wconf 92' lang='lat' dir='ltr'><strong>co-</strong></span> 
     </span>
     <span class='ocr_line' id='line_1_21' title="bbox 412 2900 1599 2987; baseline -0.007 -18"><span class='ocrx_word' id='word_1_180' title='bbox 412 2903 494 2987; x_wconf 75' lang='lat' dir='ltr'><strong>gnati</strong></span> <span class='ocrx_word' id='word_1_181' title='bbox 505 2913 535 2968; x_wconf 89' lang='lat' dir='ltr'><strong>et</strong></span> <span class='ocrx_word' id='word_1_182' title='bbox 546 2903 652 2967; x_wconf 78' lang='lat' dir='ltr'><strong>attineo</strong></span> <span class='ocrx_word' id='word_1_183' title='bbox 664 2900 771 2966; x_wconf 80' lang='lat' dir='ltr'><strong>rivium</strong></span> <span class='ocrx_word' id='word_1_184' title='bbox 781 2922 850 2965; x_wconf 88' lang='lat' dir='ltr'><strong>esse</strong></span> <span class='ocrx_word' id='word_1_185' title='bbox 860 2900 1023 2977; x_wconf 85' lang='lat' dir='ltr'><strong>desierunt,</strong></span> <span class='ocrx_word' id='word_1_186' title='bbox 1037 2920 1133 2986; x_wconf 85' lang='lat' dir='ltr'><strong>neque</strong></span> <span class='ocrx_word' id='word_1_187' title='bbox 1144 2902 1307 2976; x_wconf 93' lang='lat' dir='ltr'><strong>connubio,</strong></span> <span class='ocrx_word' id='word_1_188' title='bbox 1324 2920 1420 2985; x_wconf 84' lang='lat' dir='ltr'><strong>noque</strong></span> <span class='ocrx_word' id='word_1_189' title='bbox 1432 2920 1582 2965; x_wconf 87' lang='lat' dir='ltr'><strong>commer-</strong></span> <span class='ocrx_word' id='word_1_190' title='bbox 1597 2956 1599 2961; x_wconf 89' lang='lat'><em>.</em></span> 
     </span>
     <span class='ocr_line' id='line_1_22' title="bbox 412 3004 1583 3091; baseline -0.003 -18"><span class='ocrx_word' id='word_1_191' title='bbox 412 3012 475 3084; x_wconf 83' lang='lat' dir='ltr'><strong>rio,</strong></span> <span class='ocrx_word' id='word_1_192' title='bbox 495 3020 526 3075; x_wconf 88' lang='lat' dir='ltr'><strong>et</strong></span> <span class='ocrx_word' id='word_1_193' title='bbox 539 3008 566 3073; x_wconf 85' lang='lat' dir='ltr'><strong>si</strong></span> <span class='ocrx_word' id='word_1_194' title='bbox 581 3026 641 3091; x_wconf 78' lang='lat' dir='ltr'><strong>qua</strong></span> <span class='ocrx_word' id='word_1_195' title='bbox 656 3006 712 3070; x_wconf 86' lang='lat' dir='ltr'><strong>alia</strong></span> <span class='ocrx_word' id='word_1_196' title='bbox 727 3016 799 3071; x_wconf 85' lang='lat' dir='ltr'><strong>aunt</strong></span> <span class='ocrx_word' id='word_1_197' title='bbox 812 3005 912 3071; x_wconf 90' lang='lat' dir='ltr'><strong>minus</strong></span> <span class='ocrx_word' id='word_1_198' title='bbox 928 3007 966 3071; x_wconf 86' lang='lat' dir='ltr'><strong>ud</strong></span> <span class='ocrx_word' id='word_1_199' title='bbox 981 3024 1044 3071; x_wconf 91' lang='lat' dir='ltr'><strong>rom</strong></span> <span class='ocrx_word' id='word_1_200' title='bbox 1060 3006 1208 3089; x_wconf 84' lang='lat' dir='ltr'><strong>publicam</strong></span> <span class='ocrx_word' id='word_1_201' title='bbox 1223 3004 1414 3089; x_wconf 89' lang='lat' dir='ltr'><strong>pertinentia,</strong></span> <span class='ocrx_word' id='word_1_202' title='bbox 1435 3004 1583 3069; x_wconf 79' lang='lat' dir='ltr'><strong>carebant.</strong></span> 
     </span>
     <span class='ocr_line' id='line_1_23' title="bbox 411 3108 1583 3194; baseline -0.005 -15"><span class='ocrx_word' id='word_1_203' title='bbox 411 3114 488 3179; x_wconf 80' lang='lat' dir='ltr'><strong>Nam</strong></span> <span class='ocrx_word' id='word_1_204' title='bbox 502 3113 551 3177; x_wconf 89' lang='lat' dir='ltr'><strong>bis</strong></span> <span class='ocrx_word' id='word_1_205' title='bbox 568 3111 710 3176; x_wconf 88' lang='lat' dir='ltr'><strong>omnibus</strong></span> <span class='ocrx_word' id='word_1_206' title='bbox 724 3111 815 3175; x_wconf 90' lang='lat' dir='ltr'><strong>rebus</strong></span> <span class='ocrx_word' id='word_1_207' title='bbox 831 3109 857 3173; x_wconf 83' lang='lat' dir='ltr'><strong>si</strong></span> <span class='ocrx_word' id='word_1_208' title='bbox 872 3110 977 3194; x_wconf 79' lang='lat' dir='ltr'><strong>prrieati</strong></span> <span class='ocrx_word' id='word_1_209' title='bbox 993 3119 1108 3188; x_wconf 85' lang='lat' dir='ltr'><strong>essent,</strong></span> <span class='ocrx_word' id='word_1_210' title='bbox 1123 3110 1167 3185; x_wconf 92' lang='lat' dir='ltr'><strong>id,</strong></span> <span class='ocrx_word' id='word_1_211' title='bbox 1183 3108 1305 3193; x_wconf 87' lang='lat' dir='ltr'><strong>opinor,</strong></span> <span class='ocrx_word' id='word_1_212' title='bbox 1320 3108 1490 3193; x_wconf 88' lang='lat' dir='ltr'><strong>llenopbon</strong></span> <span class='ocrx_word' id='word_1_213' title='bbox 1504 3108 1583 3173; x_wconf 92' lang='lat' dir='ltr'><strong>indi·</strong></span> 
     </span>
     <span class='ocr_line' id='line_1_24' title="bbox 414 3213 1584 3297; baseline -0.007 -12"><span class='ocrx_word' id='word_1_214' title='bbox 414 3240 481 3285; x_wconf 85' lang='lat' dir='ltr'><strong>care</strong></span> <span class='ocrx_word' id='word_1_215' title='bbox 500 3238 564 3283; x_wconf 93' lang='lat' dir='ltr'><strong>non</strong></span> <span class='ocrx_word' id='word_1_216' title='bbox 585 3215 746 3280; x_wconf 81' lang='lat' dir='ltr'><strong>omisisset.</strong></span> <span class='ocrx_word' id='word_1_217' title='bbox 790 3214 894 3297; x_wconf 82' lang='lat' dir='ltr'><strong>Neque</strong></span> <span class='ocrx_word' id='word_1_218' title='bbox 912 3215 989 3279; x_wconf 87' lang='lat' dir='ltr'><strong>illud</strong></span> <span class='ocrx_word' id='word_1_219' title='bbox 1003 3213 1112 3296; x_wconf 76' lang='lat' dir='ltr'><strong>ambigi</strong></span> <span class='ocrx_word' id='word_1_220' title='bbox 1127 3222 1235 3297; x_wconf 89' lang='lat' dir='ltr'><strong>potest,</strong></span> <span class='ocrx_word' id='word_1_221' title='bbox 1253 3232 1382 3297; x_wconf 88' lang='lat' dir='ltr'><strong>poenam</strong></span> <span class='ocrx_word' id='word_1_222' title='bbox 1402 3232 1507 3277; x_wconf 90' lang='lat' dir='ltr'><strong>eorum</strong></span> <span class='ocrx_word' id='word_1_223' title='bbox 1521 3231 1584 3277; x_wconf 92' lang='lat' dir='ltr'><strong>nou</strong></span> 
     </span>
     <span class='ocr_line' id='line_1_25' title="bbox 413 3316 1584 3400; baseline -0.002 -17"><span class='ocrx_word' id='word_1_224' title='bbox 413 3324 503 3387; x_wconf 78' lang='lat' dir='ltr'><strong>etiam</strong></span> <span class='ocrx_word' id='word_1_225' title='bbox 522 3323 560 3386; x_wconf 88' lang='lat' dir='ltr'><strong>ad</strong></span> <span class='ocrx_word' id='word_1_226' title='bbox 579 3320 690 3385; x_wconf 89' lang='lat' dir='ltr'><strong>liberos</strong></span> <span class='ocrx_word' id='word_1_227' title='bbox 706 3318 870 3393; x_wconf 84' lang='lat' dir='ltr'><strong>transiisse,</strong></span> <span class='ocrx_word' id='word_1_228' title='bbox 887 3319 941 3382; x_wconf 89' lang='lat' dir='ltr'><strong>sed</strong></span> <span class='ocrx_word' id='word_1_229' title='bbox 956 3319 1024 3394; x_wconf 89' lang='lat' dir='ltr'><strong>bos,</strong></span> <span class='ocrx_word' id='word_1_230' title='bbox 1039 3319 1064 3382; x_wconf 90' lang='lat' dir='ltr'><strong>si</strong></span> <span class='ocrx_word' id='word_1_231' title='bbox 1079 3318 1193 3400; x_wconf 77' lang='lat' dir='ltr'><strong>legibus</strong></span> <span class='ocrx_word' id='word_1_232' title='bbox 1210 3316 1382 3399; x_wconf 89' lang='lat' dir='ltr'><strong>disciplinae</strong></span> <span class='ocrx_word' id='word_1_233' title='bbox 1397 3318 1584 3400; x_wconf 88' lang='lat' dir='ltr'><strong>obtempera-</strong></span> 
     </span>
     <span class='ocr_line' id='line_1_26' title="bbox 413 3422 1583 3508; baseline -0.005 -17"><span class='ocrx_word' id='word_1_234' title='bbox 413 3436 489 3501; x_wconf 87' lang='lat' dir='ltr'><strong>rent,</strong></span> <span class='ocrx_word' id='word_1_235' title='bbox 504 3426 536 3491; x_wconf 90' lang='lat' dir='ltr'><strong>iu</strong></span> <span class='ocrx_word' id='word_1_236' title='bbox 551 3426 699 3508; x_wconf 72' lang='lat' dir='ltr'><strong>integrum</strong></span> <span class='ocrx_word' id='word_1_237' title='bbox 714 3422 869 3488; x_wconf 87' lang='lat' dir='ltr'><strong>restitutos</strong></span> <span class='ocrx_word' id='word_1_238' title='bbox 883 3423 913 3485; x_wconf 89' lang='lat' dir='ltr'><strong>b.</strong></span> <span class='ocrx_word' id='word_1_239' title='bbox 926 3443 953 3486; x_wconf 89' lang='lat' dir='ltr'><strong>e.</strong></span> <span class='ocrx_word' id='word_1_240' title='bbox 969 3440 1076 3487; x_wconf 77' lang='lat' dir='ltr'><strong>nunus</strong></span> <span class='ocrx_word' id='word_1_241' title='bbox 1088 3422 1241 3486; x_wconf 90' lang='lat' dir='ltr'><strong>llomoeos</strong></span> <span class='ocrx_word' id='word_1_242' title='bbox 1254 3422 1347 3485; x_wconf 86' lang='lat' dir='ltr'><strong>tactos</strong></span> <span class='ocrx_word' id='word_1_243' title='bbox 1359 3441 1436 3485; x_wconf 88' lang='lat' dir='ltr'><strong>esse.</strong></span> <span class='ocrx_word' id='word_1_244' title='bbox 1455 3422 1583 3486; x_wconf 76' lang='lat' dir='ltr'><strong>Alteram</strong></span> 
     </span>
     <span class='ocr_line' id='line_1_27' title="bbox 415 3524 1585 3608; baseline -0.006 -13"><span class='ocrx_word' id='word_1_245' title='bbox 415 3549 536 3595; x_wconf 82' lang='lat' dir='ltr'><strong>eausam</strong></span> <span class='ocrx_word' id='word_1_246' title='bbox 552 3528 725 3593; x_wconf 76' lang='lat' dir='ltr'><strong>Aristoteles</strong></span> <span class='ocrx_word' id='word_1_247' title='bbox 741 3526 853 3591; x_wconf 86' lang='lat' dir='ltr'><strong>indicat</strong></span> <span class='ocrx_word' id='word_1_248' title='bbox 866 3526 952 3590; x_wconf 82' lang='lat' dir='ltr'><strong>Polit.</strong></span> <span class='ocrx_word' id='word_1_249' title='bbox 964 3525 1001 3603; x_wconf 91' lang='lat' dir='ltr'><strong>ll,</strong></span> <span class='ocrx_word' id='word_1_250' title='bbox 1013 3528 1043 3603; x_wconf 88' lang='grc'><strong>6,</strong></span> <span class='ocrx_word' id='word_1_251' title='bbox 1056 3527 1112 3603; x_wconf 72' lang='lat' dir='ltr'><strong>tt,</strong></span> <span class='ocrx_word' id='word_1_252' title='bbox 1132 3543 1202 3589; x_wconf 88' lang='lat' dir='ltr'><strong>nam</strong></span> <span class='ocrx_word' id='word_1_253' title='bbox 1217 3532 1377 3608; x_wconf 87' lang='lat' dir='ltr'><strong>postquam</strong></span> <span class='ocrx_word' id='word_1_254' title='bbox 1393 3524 1430 3589; x_wconf 91' lang='lat' dir='ltr'><strong>ab</strong></span> <span class='ocrx_word' id='word_1_255' title='bbox 1446 3525 1585 3590; x_wconf 87' lang='lat' dir='ltr'><strong>omnibus</strong></span> 
     </span>
     <span class='ocr_line' id='line_1_28' title="bbox 416 3628 1586 3717; baseline -0.003 -19"><span class='ocrx_word' id='word_1_256' title='bbox 416 3634 570 3717; x_wconf 87' lang='lat' dir='ltr'><strong>Spartanis</strong></span> <span class='ocrx_word' id='word_1_257' title='bbox 590 3634 627 3697; x_wconf 86' lang='lat' dir='ltr'><strong>nd</strong></span> <span class='ocrx_word' id='word_1_258' title='bbox 647 3631 767 3716; x_wconf 76' lang='lat' dir='ltr'><strong>syssitla</strong></span> <span class='ocrx_word' id='word_1_259' title='bbox 787 3629 897 3714; x_wconf 82' lang='lat' dir='ltr'><strong>ubquid</strong></span> <span class='ocrx_word' id='word_1_260' title='bbox 918 3628 1168 3695; x_wconf 74' lang='lat' dir='ltr'><strong>contribuendum</strong></span> <span class='ocrx_word' id='word_1_261' title='bbox 1183 3648 1249 3693; x_wconf 88' lang='lat' dir='ltr'><strong>esso</strong></span> <span class='ocrx_word' id='word_1_262' title='bbox 1264 3628 1349 3705; x_wconf 83' lang='lat' dir='ltr'><strong>dixit,</strong></span> <span class='ocrx_word' id='word_1_263' title='bbox 1365 3629 1447 3694; x_wconf 86' lang='lat' dir='ltr'><strong>addit</strong></span> <span class='ocrx_word' id='word_1_264' title='bbox 1462 3630 1586 3694; x_wconf 82' lang='lat' dir='ltr'><strong>deinde:</strong></span> 
     </span>
     <span class='ocr_line' id='line_1_29' title="bbox 416 3724 1587 3825; baseline -0.002 -26"><span class='ocrx_word' id='word_1_265' title='bbox 416 3731 563 3820; x_wconf 83' lang='grc' dir='ltr'>μετέχειν</span> <span class='ocrx_word' id='word_1_266' title='bbox 583 3728 615 3800; x_wconf 80' lang='grc' dir='ltr'><strong>δ’</strong></span> <span class='ocrx_word' id='word_1_267' title='bbox 627 3726 666 3801; x_wconf 81' lang='lat' dir='ltr'><strong>oei</strong></span> <span class='ocrx_word' id='word_1_268' title='bbox 688 3729 809 3825; x_wconf 69' lang='grc' dir='ltr'>ῥᾴδιον</span> <span class='ocrx_word' id='word_1_269' title='bbox 828 3734 901 3813; x_wconf 80' lang='grc' dir='ltr'><strong>τοῖς</strong></span> <span class='ocrx_word' id='word_1_270' title='bbox 921 3726 998 3800; x_wconf 74' lang='lat' dir='ltr'><strong>diue</strong></span> <span class='ocrx_word' id='word_1_271' title='bbox 1020 3726 1172 3821; x_wconf 72' lang='grc' dir='ltr'>πένησιν·</span> <span class='ocrx_word' id='word_1_272' title='bbox 1187 3724 1266 3818; x_wconf 80' lang='grc' dir='ltr'><strong><em>ὅρος</em></strong></span> <span class='ocrx_word' id='word_1_273' title='bbox 1286 3726 1324 3798; x_wconf 78' lang='lat' dir='ltr'><strong>di</strong></span> <span class='ocrx_word' id='word_1_274' title='bbox 1338 3734 1397 3821; x_wconf 82' lang='grc' dir='ltr'><strong>τῆς</strong></span> <span class='ocrx_word' id='word_1_275' title='bbox 1410 3726 1587 3811; x_wconf 78' lang='grc' dir='ltr'>πολιτείας</span> 
     </span>
     <span class='ocr_line' id='line_1_30' title="bbox 419 3826 1587 3927; baseline -0.001 -22"><span class='ocrx_word' id='word_1_276' title='bbox 419 3826 517 3918; x_wconf 75' lang='grc' dir='ltr'>οὗτός</span> <span class='ocrx_word' id='word_1_277' title='bbox 537 3834 628 3906; x_wconf 76' lang='grc' dir='ltr'>ἐστιν</span> <span class='ocrx_word' id='word_1_278' title='bbox 649 3830 763 3919; x_wconf 72' lang='grc' dir='ltr'>αὐτοῖς</span> <span class='ocrx_word' id='word_1_279' title='bbox 785 3830 805 3905; x_wconf 84' lang='grc' dir='ltr'>ὁ</span> <span class='ocrx_word' id='word_1_280' title='bbox 827 3834 982 3927; x_wconf 76' lang='grc' dir='ltr'>πάτριος,</span> <span class='ocrx_word' id='word_1_281' title='bbox 1004 3834 1065 3904; x_wconf 80' lang='grc' dir='ltr'><strong>τὸν</strong></span> <span class='ocrx_word' id='word_1_282' title='bbox 1083 3835 1130 3926; x_wconf 79' lang='grc' dir='ltr'><em>μή</em></span> <span class='ocrx_word' id='word_1_283' title='bbox 1154 3832 1334 3921; x_wconf 78' lang='grc' dir='ltr'><em>δυνάμενον</em></span> <span class='ocrx_word' id='word_1_284' title='bbox 1355 3833 1455 3903; x_wconf 68' lang='grc' dir='ltr'>τοῦτο</span> <span class='ocrx_word' id='word_1_285' title='bbox 1476 3834 1517 3905; x_wconf 83' lang='grc' dir='ltr'><strong>τὸ</strong></span> <span class='ocrx_word' id='word_1_286' title='bbox 1532 3834 1587 3904; x_wconf 82' lang='grc' dir='ltr'><strong>τέ·</strong></span> 
     </span>
     <span class='ocr_line' id='line_1_31' title="bbox 420 3934 1586 4033; baseline -0.003 -22"><span class='ocrx_word' id='word_1_287' title='bbox 420 3939 476 4021; x_wconf 78' lang='lat' dir='ltr'><strong>loe</strong></span> <span class='ocrx_word' id='word_1_288' title='bbox 496 3940 611 4033; x_wconf 74' lang='lat' dir='ltr'><strong>pipere</strong></span> <span class='ocrx_word' id='word_1_289' title='bbox 630 3940 676 4032; x_wconf 78' lang='grc' dir='ltr'><em>μή</em></span> <span class='ocrx_word' id='word_1_290' title='bbox 698 3938 849 4027; x_wconf 74' lang='grc' dir='ltr'><strong>μετέχειν</strong></span> <span class='ocrx_word' id='word_1_291' title='bbox 870 3934 983 4031; x_wconf 72' lang='grc' dir='ltr'>αὐτῆς.</span> <span class='ocrx_word' id='word_1_292' title='bbox 1028 3942 1130 4025; x_wconf 84' lang='lat' dir='ltr'><strong>ltaque</strong></span> <span class='ocrx_word' id='word_1_293' title='bbox 1153 3940 1203 4024; x_wconf 83' lang='lat' dir='ltr'><strong>qui</strong></span> <span class='ocrx_word' id='word_1_294' title='bbox 1226 3952 1349 4026; x_wconf 88' lang='lat' dir='ltr'><strong>propter</strong></span> <span class='ocrx_word' id='word_1_295' title='bbox 1368 3940 1490 4006; x_wconf 90' lang='lat' dir='ltr'><strong>nimiam</strong></span> <span class='ocrx_word' id='word_1_296' title='bbox 1511 3963 1586 4026; x_wconf 91' lang='lat' dir='ltr'><strong>pau·</strong></span> 
     </span>
     <span class='ocr_line' id='line_1_32' title="bbox 421 4044 1587 4132; baseline 0 -21"><span class='ocrx_word' id='word_1_297' title='bbox 421 4058 563 4130; x_wconf 70' lang='lat' dir='ltr'><strong>pertatem</strong></span> <span class='ocrx_word' id='word_1_298' title='bbox 583 4068 621 4112; x_wconf 90' lang='lat' dir='ltr'><strong>ne</strong></span> <span class='ocrx_word' id='word_1_299' title='bbox 640 4049 710 4113; x_wconf 85' lang='lat' dir='ltr'><strong>buie</strong></span> <span class='ocrx_word' id='word_1_300' title='bbox 724 4049 844 4132; x_wconf 81' lang='lat' dir='ltr'><strong>quidem</strong></span> <span class='ocrx_word' id='word_1_301' title='bbox 865 4050 988 4131; x_wconf 79' lang='lat' dir='ltr'><strong>exiguae</strong></span> <span class='ocrx_word' id='word_1_302' title='bbox 1003 4046 1158 4130; x_wconf 91' lang='lat' dir='ltr'><strong>impensae</strong></span> <span class='ocrx_word' id='word_1_303' title='bbox 1172 4065 1259 4129; x_wconf 86' lang='lat' dir='ltr'><strong>pares</strong></span> <span class='ocrx_word' id='word_1_304' title='bbox 1274 4054 1385 4119; x_wconf 91' lang='lat' dir='ltr'><strong>essent,</strong></span> <span class='ocrx_word' id='word_1_305' title='bbox 1401 4044 1525 4109; x_wconf 84' lang='lat' dir='ltr'><strong>civitatis</strong></span> <span class='ocrx_word' id='word_1_306' title='bbox 1540 4047 1587 4111; x_wconf 89' lang='lat' dir='ltr'><strong>ius</strong></span> 
     </span>
     <span class='ocr_line' id='line_1_33' title="bbox 421 4142 1588 4236; baseline 0 -23"><span class='ocrx_word' id='word_1_307' title='bbox 421 4168 484 4213; x_wconf 91' lang='lat' dir='ltr'><strong>non</strong></span> <span class='ocrx_word' id='word_1_308' title='bbox 497 4150 642 4231; x_wconf 75' lang='lat' dir='ltr'><strong>integmm</strong></span> <span class='ocrx_word' id='word_1_309' title='bbox 656 4152 837 4216; x_wconf 82' lang='lat' dir='ltr'><strong>retinebant:</strong></span> <span class='ocrx_word' id='word_1_310' title='bbox 857 4150 902 4214; x_wconf 83' lang='lat' dir='ltr'><strong>sic</strong></span> <span class='ocrx_word' id='word_1_311' title='bbox 919 4150 1000 4215; x_wconf 93' lang='lat' dir='ltr'><strong>enim</strong></span> <span class='ocrx_word' id='word_1_312' title='bbox 1017 4150 1063 4214; x_wconf 93' lang='lat' dir='ltr'><strong>illa</strong></span> <span class='ocrx_word' id='word_1_313' title='bbox 1079 4150 1168 4215; x_wconf 82' lang='lat' dir='ltr'><strong>verbe</strong></span> <span class='ocrx_word' id='word_1_314' title='bbox 1186 4144 1233 4236; x_wconf 76' lang='grc' dir='ltr'><em>μή</em></span> <span class='ocrx_word' id='word_1_315' title='bbox 1248 4142 1472 4233; x_wconf 60' lang='lat' dir='ltr'><strong>peripatercis</strong></span> <span class='ocrx_word' id='word_1_316' title='bbox 1485 4145 1588 4213; x_wconf 78' lang='grc' dir='ltr'>πολι-</span> 
     </span>
     <span class='ocr_line' id='line_1_34' title="bbox 422 4244 1587 4334; baseline 0 -19"><span class='ocrx_word' id='word_1_317' title='bbox 422 4244 514 4328; x_wconf 75' lang='grc' dir='ltr'>τείας</span> <span class='ocrx_word' id='word_1_318' title='bbox 527 4252 709 4334; x_wconf 80' lang='lat' dir='ltr'><strong>interpretari</strong></span> <span class='ocrx_word' id='word_1_319' title='bbox 723 4254 830 4329; x_wconf 90' lang='lat' dir='ltr'><strong>licebit,</strong></span> <span class='ocrx_word' id='word_1_320' title='bbox 845 4264 879 4319; x_wconf 93' lang='lat' dir='ltr'><strong>ut</strong></span> <span class='ocrx_word' id='word_1_321' title='bbox 893 4255 931 4318; x_wconf 87' lang='lat' dir='ltr'><strong>ab</strong></span> <span class='ocrx_word' id='word_1_322' title='bbox 945 4252 1181 4317; x_wconf 86' lang='lat' dir='ltr'><strong>administranda</strong></span> <span class='ocrx_word' id='word_1_323' title='bbox 1192 4270 1225 4316; x_wconf 92' lang='lat' dir='ltr'><strong>ro</strong></span> <span class='ocrx_word' id='word_1_324' title='bbox 1236 4249 1353 4334; x_wconf 84' lang='lat' dir='ltr'><strong>publicu</strong></span> <span class='ocrx_word' id='word_1_325' title='bbox 1363 4248 1394 4313; x_wconf 90' lang='lat' dir='ltr'><strong>bi</strong></span> <span class='ocrx_word' id='word_1_326' title='bbox 1406 4250 1587 4332; x_wconf 89' lang='lat' dir='ltr'><strong>paupenimi</strong></span> 
     </span>
     <span class='ocr_line' id='line_1_35' title="bbox 423 4354 1588 4450; baseline -0.002 -33"><span class='ocrx_word' id='word_1_327' title='bbox 423 4354 532 4420; x_wconf 84' lang='lat' dir='ltr'><strong>erdusi</strong></span> <span class='ocrx_word' id='word_1_328' title='bbox 553 4365 781 4450; x_wconf 78' lang='lat' dir='ltr'><strong>necsenatores</strong></span> <span class='ocrx_word' id='word_1_329' title='bbox 795 4356 858 4421; x_wconf 87' lang='lat' dir='ltr'><strong>tleri</strong></span> <span class='ocrx_word' id='word_1_330' title='bbox 872 4375 929 4421; x_wconf 87' lang='lat' dir='ltr'><strong>nec</strong></span> <span class='ocrx_word' id='word_1_331' title='bbox 942 4354 1135 4439; x_wconf 74' lang='lat' dir='ltr'><strong>magistratus</strong></span> <span class='ocrx_word' id='word_1_332' title='bbox 1147 4370 1252 4438; x_wconf 79' lang='lat' dir='ltr'><strong>coprem</strong></span> <span class='ocrx_word' id='word_1_333' title='bbox 1262 4360 1399 4436; x_wconf 86' lang='lat' dir='ltr'><strong>possent,</strong></span> <span class='ocrx_word' id='word_1_334' title='bbox 1414 4368 1477 4415; x_wconf 93' lang='lat' dir='ltr'><strong>non</strong></span> <span class='ocrx_word' id='word_1_335' title='bbox 1489 4360 1588 4417; x_wconf 83' lang='lat' dir='ltr'><strong>eutem</strong></span> 
     </span>
    </p>
   </div>
   <div class='ocr_carea' id='block_1_3' title="bbox 426 4524 723 4537">
    <p class='ocr_par' dir='ltr' id='par_1_3' title="bbox 426 4524 723 4537">
     <span class='ocr_line' id='line_1_36' title="bbox 426 4524 723 4537; baseline -0.007 0"><span class='ocrx_word' id='word_1_336' title='bbox 426 4528 505 4537; x_wconf 68' lang='lat' dir='ltr'><strong>auno—-</strong></span> <span class='ocrx_word' id='word_1_337' title='bbox 521 4526 604 4536; x_wconf 67' lang='lat' dir='ltr'>aon-.—</span> <span class='ocrx_word' id='word_1_338' title='bbox 613 4524 723 4536; x_wconf 59' lang='lat'><strong>--0-</strong></span> 
     </span>
    </p>
   </div>
   <div class='ocr_carea' id='block_1_4' title="bbox 423 4604 1589 4855">
    <p class='ocr_par' dir='ltr' id='par_1_4' title="bbox 423 4604 1589 4855">
     <span class='ocr_line' id='line_1_37' title="bbox 493 4604 1587 4684; baseline -0.001 -19"><span class='ocrx_word' id='word_1_339' title='bbox 493 4614 534 4677; x_wconf 75' lang='lat' dir='ltr'><strong>lb)</strong></span> <span class='ocrx_word' id='word_1_340' title='bbox 552 4612 624 4681; x_wconf 76' lang='lat' dir='ltr'><strong>Quod</strong></span> <span class='ocrx_word' id='word_1_341' title='bbox 636 4610 713 4666; x_wconf 81' lang='lat' dir='ltr'><strong>Talea</strong></span> <span class='ocrx_word' id='word_1_342' title='bbox 724 4614 768 4681; x_wconf 80' lang='lat' dir='ltr'><strong>cit,</strong></span> <span class='ocrx_word' id='word_1_343' title='bbox 785 4618 849 4684; x_wconf 84' lang='lat' dir='ltr'><strong>apul</strong></span> <span class='ocrx_word' id='word_1_344' title='bbox 862 4618 934 4671; x_wconf 74' lang='lat' dir='ltr'><strong>tlteb.</strong></span> <span class='ocrx_word' id='word_1_345' title='bbox 947 4616 1037 4671; x_wconf 73' lang='lat' dir='ltr'><strong>Floril.</strong></span> <span class='ocrx_word' id='word_1_346' title='bbox 1058 4617 1129 4681; x_wconf 79' lang='lat' dir='ltr'><strong>tlt),</strong></span> <span class='ocrx_word' id='word_1_347' title='bbox 1142 4616 1158 4668; x_wconf 81' lang='grc'>8</span> <span class='ocrx_word' id='word_1_348' title='bbox 1170 4618 1245 4680; x_wconf 79' lang='lat' dir='ltr'><strong>(ton.</strong></span> <span class='ocrx_word' id='word_1_349' title='bbox 1258 4611 1279 4667; x_wconf 91' lang='lat' dir='ltr'><strong>ll</strong></span> <span class='ocrx_word' id='word_1_350' title='bbox 1292 4628 1316 4681; x_wconf 88' lang='lat' dir='ltr'><strong>p.</strong></span> <span class='ocrx_word' id='word_1_351' title='bbox 1327 4610 1360 4665; x_wconf 77' lang='lat'><strong>85</strong></span> <span class='ocrx_word' id='word_1_352' title='bbox 1373 4610 1468 4677; x_wconf 76' lang='lat' dir='ltr'><strong>Gelai.)</strong></span> <span class='ocrx_word' id='word_1_353' title='bbox 1486 4604 1537 4665; x_wconf 78' lang='lat' dir='ltr'><strong>eir</strong></span> <span class='ocrx_word' id='word_1_354' title='bbox 1547 4604 1587 4681; x_wconf 75' lang='lat' dir='ltr'><strong>peip</strong></span> 
     </span>
     <span class='ocr_line' id='line_1_38' title="bbox 424 4687 1589 4773; baseline -0.005 -22"><span class='ocrx_word' id='word_1_355' title='bbox 424 4694 594 4770; x_wconf 73' lang='grc' dir='ltr'>έμμιιτιινειι</span> <span class='ocrx_word' id='word_1_356' title='bbox 605 4696 647 4769; x_wconf 77' lang='grc' dir='ltr'><strong>(τῇ</strong></span> <span class='ocrx_word' id='word_1_357' title='bbox 655 4691 760 4769; x_wconf 63' lang='grc' dir='ltr'><strong>ἀγωγῇ)</strong></span> <span class='ocrx_word' id='word_1_358' title='bbox 773 4693 957 4761; x_wconf 71' lang='grc' dir='ltr'>ιτᾶνιξιιέεοῦ</span> <span class='ocrx_word' id='word_1_359' title='bbox 965 4704 1015 4755; x_wconf 80' lang='grc' dir='ltr'><strong>τοῦ</strong></span> <span class='ocrx_word' id='word_1_360' title='bbox 1022 4702 1161 4771; x_wconf 67' lang='lat' dir='ltr'><strong>perettus</strong></span> <span class='ocrx_word' id='word_1_361' title='bbox 1172 4689 1197 4773; x_wconf 74' lang='grc' dir='ltr'><strong>ᾖ,</strong></span> <span class='ocrx_word' id='word_1_362' title='bbox 1210 4700 1240 4753; x_wconf 82' lang='lat' dir='ltr'><strong>at</strong></span> <span class='ocrx_word' id='word_1_363' title='bbox 1247 4712 1262 4758; x_wconf 77' lang='lat' dir='ltr'><strong>r</strong></span> <span class='ocrx_word' id='word_1_364' title='bbox 1272 4692 1351 4757; x_wconf 77' lang='grc' dir='ltr'>τοὺς</span> <span class='ocrx_word' id='word_1_365' title='bbox 1361 4696 1503 4763; x_wconf 69' lang='lat' dir='ltr'><strong>elium</strong></span> <span class='ocrx_word' id='word_1_366' title='bbox 1513 4687 1589 4747; x_wconf 81' lang='lat' dir='ltr'><strong>rino·</strong></span> 
     </span>
     <span class='ocr_line' id='line_1_39' title="bbox 423 4776 1432 4855; baseline 0 -18"><span class='ocrx_word' id='word_1_367' title='bbox 423 4783 585 4850; x_wconf 69' lang='lat' dir='ltr'><strong>aramma,</strong></span> <span class='ocrx_word' id='word_1_368' title='bbox 595 4776 947 4855; x_wconf 64' lang='lat' dir='ltr'><strong>deelnn&#39;atorie&#39;wlsuun</strong></span> <span class='ocrx_word' id='word_1_369' title='bbox 959 4802 1021 4841; x_wconf 82' lang='lat' dir='ltr'><strong>vere</strong></span> <span class='ocrx_word' id='word_1_370' title='bbox 1032 4788 1127 4843; x_wconf 75' lang='grc' dir='ltr'>ιιὶειειι</span> <span class='ocrx_word' id='word_1_371' title='bbox 1139 4800 1197 4840; x_wconf 81' lang='lat' dir='ltr'><strong>aare</strong></span> <span class='ocrx_word' id='word_1_372' title='bbox 1207 4791 1321 4855; x_wconf 79' lang='lat' dir='ltr'><strong>apparet.</strong></span> <span class='ocrx_word' id='word_1_373' title='bbox 1338 4806 1342 4815; x_wconf 61' lang='lat'><strong><em>¹</em></strong></span> <span class='ocrx_word' id='word_1_374' title='bbox 1429 4820 1432 4827; x_wconf 89' lang='lat'>-</span> 
     </span>
    </p>
   </div>
   <div class='ocr_carea' id='block_1_5' title="bbox 0 0 1922 5609">
    <p class='ocr_par' dir='ltr' id='par_1_5' title="bbox 0 0 1922 5609">
     <span class='ocr_line' id='line_1_40' title="bbox 0 0 1922 5609; baseline 0 0"><span class='ocrx_word' id='word_1_375' title='bbox 0 0 1922 5609; x_wconf 95' lang='lat' dir='ltr'><strong> </strong></span> 
     </span>
    </p>
   </div>
  </div>
 </body>
</html>
