3792 5609
899 667 1021 732 39·

336 874 411 937 quae
429 867 459 918 et
478 853 702 920 duumviratum
722 865 751 920 et
774 858 995 941 proeoeutionis
1015 857 1196 923 mentionem
1214 857 1353 934 baberet,
1377 879 1503 942 eamque

337 959 429 1038 legem
444 960 475 1022 in
490 957 578 1040 regiis
593 959 790 1022 numerabant
800 967 812 1002 ⁵
822 964 861 1036 2).
888 961 972 1024 ΙΙοοο
986 970 1086 1023 utrum
1101 961 1139 1024 ab
1150 959 1278 1024 Hostilio
1294 979 1332 1024 an
1345 962 1429 1044 prius
1440 962 1500 1026 iam

337 1061 424 1124 latam
439 1060 540 1126 Livius
555 1063 719 1136 crediderit,
733 1083 768 1126 ex
782 1063 847 1126 eius
858 1065 956 1126 serbis
970 1083 1032 1128 uon
1044 1065 1117 1126 satis
1128 1063 1231 1145 liquet:
1246 1083 1427 1146 quamquam
1439 1064 1500 1128 reri

337 1163 463 1228 similius
483 1165 529 1238 iit,
556 1165 641 1247 prius
660 1166 748 1229 latam
768 1167 941 1230 credidisse:
968 1169 1020 1230 sed
1045 1167 1096 1249 qui
1116 1179 1267 1230 auctorem
1287 1167 1446 1232 llostilium
1470 1178 1520 1230 et‘

337 1275 528 1348 quaestorum
546 1276 584 1343 ct,
605 1269 686 1350 quod
702 1268 830 1332 dubitari
845 1287 906 1332 non
922 1279 1028 1351 potest,
1047 1270 1119 1350 legis
1136 1271 1172 1332 de
1188 1269 1386 1351 perduebioue
1401 1271 1499 1334 credi·

336 1373 442 1434 derunt
457 1372 515 1435 bec
528 1371 655 1453 permoti
671 1372 820 1448 uidentur,
839 1375 918 1456 quod
936 1372 1044 1454 publici
1060 1372 1193 1437 crimmis
1207 1383 1236 1434 et
1251 1372 1350 1436 iudicii
1365 1373 1498 1455 capitalis

336 1475 464 1557 primurn
480 1476 538 1540 hoc
549 1475 660 1539 lloratii
675 1478 839 1558 exenrplum
852 1477 881 1540 in
895 1477 1030 1540 sabulosa
1041 1477 1167 1540 historia
1178 1477 1373 1541 imeniebant.
1402 1477 1500 1542 liuius

335 1587 433 1643 autem
448 1579 636 1660 confingendi
655 1599 744 1644 causa
761 1583 855 1645 iuerat
869 1580 1051 1645 huiusmodi.
1083 1582 1153 1644 Erat
1167 1581 1197 1644 in
1211 1582 1287 1644 urbe
1301 1601 1351 1644 ara
1366 1581 1500 1656 lunonis,

293 1710 298 1720 ·
335 1691 532 1764 cognomento
552 1683 705 1760 Sororiao,
722 1683 752 1747 in
767 1685 939 1768 angiportu,
960 1703 1021 1766 quo
1036 1705 1053 1747 a
1068 1684 1182 1747 Carinis
1198 1685 1228 1749 in
1243 1686 1340 1748 uicum
1356 1685 1496 1769 Cpprmm

335 1787 388 1850 iter
403 1795 474 1850 erat
515 1787 560 1850 Ad
576 1787 653 1850 banc
667 1807 748 1851 aram
765 1806 848 1850 sacra
864 1789 1008 1870 quaedam
1023 1787 1129 1851 lunoni
1146 1790 1264 1864 liebant,
1280 1808 1409 1872 apusorum
1425 1809 1498 1872 pro·

334 1890 448 1954 curatio
473 1889 551 1970 genti
573 1889 712 1954 lloratiae
736 1891 854 1972 propria
879 1901 958 1964 erat,
987 1902 1125 1974 sumptus
1149 1894 1265 1976 publice
1288 1894 1498 1974 erogabantur.

335 1993 472 2057 Proxime
491 2011 572 2056 aram
594 1993 624 2056 in
644 1994 749 2057 eodem
769 1993 925 2076 angiportu
943 1995 1064 2075 tigillum
1078 2007 1142 2059 erat
1161 1997 1281 2060 duribus
1295 1996 1427 2060 aduersis
1443 2017 1498 2078 pa·

334 2096 458 2160 rictibus
474 2097 652 2174 immissum,
666 2115 724 2178 qua
738 2106 821 2178 parte
836 2099 872 2161 ad
888 2117 970 2160 aratu
985 2097 1130 2174 adibatur,
1145 2099 1234 2181 idque
1249 2099 1401 2163 sororium
1416 2100 1498 2164 diee-

335 2201 423 2263 batur
438 2207 560 2282 propter
575 2219 642 2263 arae
652 2199 797 2277 viciniam,
812 2202 1044 2282 adspectumque
1058 2201 1217 2283 praebebat
1230 2202 1310 2265 baud
1325 2203 1500 2266 dissimilem

335 2301 394 2383 iugi
409 2301 609 2383 ignominiosi,
624 2303 681 2366 sub
696 2322 756 2384 quo
769 2303 860 2367 uictos
872 2303 975 2366 hostes
991 2304 1149 2367 transmitti
1160 2304 1255 2366 neoris
1265 2309 1403 2382 eram).
1434 2305 1499 2369 Sub

334 2406 392 2468 boc
407 2405 496 2486 igitur
511 2405 636 2468 transire
651 2406 789 2468 lloratios
805 2426 925 2469 neeesse
940 2416 1012 2480 erat,
1028 2427 1110 2470 sacra
1126 2407 1173 2469 illa
1188 2409 1327 2481 tacturos,
1345 2407 1450 2489 eapite,
1465 2417 1500 2471 ut
1522 2423 1555 2475 tt

334 2508 462 2584 ridetur,
475 2509 585 2572 velato:
607 2528 698 2592 eaque
717 2527 806 2572 causa
828 2509 882 2572 luit
897 2510 1140 2572 comminiscendi
1157 2508 1290 2573 criminis
1305 2509 1430 2573 alicuius
1445 2511 1501 2574 ad·

334 2629 438 2674 versus
454 2629 589 2674 sororem
604 2611 767 2685 commissi,
782 2612 862 2694 quod
878 2611 972 2675 sacris
987 2610 1187 2693 piacularibus
1202 2611 1341 2674 sororiae
1356 2612 1428 2675 deae
1442 2613 1499 2676 ob·

334 2713 401 2778 lutis
422 2721 451 2776 et
470 2713 529 2776 boc
549 2713 778 2778 sacrificantium
798 2715 925 2778 transitu
949 2715 1006 2777 sub
1027 2714 1118 2794 tigillo
1138 2715 1314 2795 expiaretur.
1353 2714 1416 2779 lam
1431 2735 1500 2779 rere

336 2835 429 2900 quum
449 2813 479 2878 in
499 2817 669 2900 propinquo
689 2817 776 2881 etiam
797 2818 858 2881 lani
879 2837 929 2881 ara
949 2818 1070 2881 Curiatii
1088 2827 1182 2890 esset,
1203 2818 1290 2880 cuius
1308 2835 1420 2880 nornen
1438 2837 1501 2882 non

336 2927 440 3002 posset
455 2936 516 2981 uon
529 2918 710 2984 Albanorum
723 2921 920 2985 Curiatiorum
936 2922 1108 2994 admonere,
1122 2919 1192 2983 binc
1203 2920 1337 2983 facillime
1347 2928 1417 2983 nata
1427 2940 1502 2984 con·

336 3023 446 3087 iectura
461 3032 517 3097 est,
532 3031 685 3088 sturmen
699 3023 771 3088 lano
786 3024 823 3088 ab
839 3024 897 3088 isto
910 3024 1136 3107 trigeminorum
1148 3023 1307 3088 oerunrine
1318 3023 1502 3107 impositum,

342 3202 639 3214 ——Qn--u—-a

405 3309 447 3374 82)
467 3308 529 3362 llice
541 3309 672 3378 desumpta
684 3309 749 3378 opud
762 3308 866 3367 leium
879 3310 939 3362 baec
956 3315 1027 3361 root:
1046 3307 1233 3370 „baumolei
1250 3306 1501 3376 perduellionem

336 3397 489 3451 iudicent
515 3394 545 3448 Si
563 3409 578 3448 ι
596 3396 775 3449 duumviris
793 3394 979 3464 provocarit
996 3395 1376 3463 pros-oratioueeertatoa
1395 3394 1503 3446 siaiu·

336 3491 411 3537 eent
428 3490 525 3552 caput
541 3480 705 3547 obaubitu,
729 3480 852 3535 infelici
871 3482 979 3534 arbori
998 3489 1087 3533 reate
1105 3479 1306 3548 suspendite,
1329 3479 1503 3534 verberato

335 3570 388 3623 vel
405 3569 491 3622 iutro
508 3568 702 3636 pomoerium
719 3567 771 3620 vel
789 3575 884 3620 extra
903 3567 1122 3636 pomoerium
1151 3565 1257 3618 llirillee
1270 3563 1503 3632 Goettliogiuold.

337 3673 361 3727 p.
375 3654 605 3719 lausannensis:
624 3653 857 3722 provocatione
874 3659 1012 3713 certato,
1029 3651 1065 3703 ita
1077 3651 1273 3718 interpretatur,
1288 3658 1318 3703 ut
1330 3666 1376 3719 pre
1388 3651 1504 3705 subiecto

338 3741 454 3813 populum
472 3739 579 3806 intelligi
596 3739 673 3791 uelit:
694 3739 773 3803 „llu,
791 3736 886 3804 Vollr,
909 3737 1008 3788 collat
1028 3737 1125 3788 durelr
1149 3737 1239 3789 deice
1257 3735 1384 3789 Sti-no
1401 3737 1431 3790 1ο
1448 3739 1506 3791 der

336 3843 373 3880 eu
391 3827 463 3879 dieu
480 3825 697 3891 geocnebonu
716 3821 910 3875 Provocatio
927 3822 1166 3874 entaelreiden.“

406 3910 449 3975 83)
469 3911 574 3979 Dionys.
586 3909 626 3974 lll,
639 3909 685 3962 222
699 3905 758 3962 lou
770 3905 801 3962 dl
815 3903 861 3974 (τὸ
869 3911 980 3978 χωρίον
991 3908 1040 3960 τοῦ
1052 3904 1208 3979 ἁγνισμοῦ)
1220 3905 1252 3962 ἔτ
1262 3909 1302 3978 τῷ
1314 3909 1431 3982 pipam
1443 3905 1504 3965 aiud

339 3999 464 4067 Καρίνης
474 3990 550 4050 τοτ’τω
561 3997 621 4054 τοῖς
632 3991 681 4048 tm
693 3991 746 4048 τὸν
759 3987 892 4064 Κύπριον
904 3991 1070 4065 ἐρχομένοις
1081 3989 1236 4057 στενωπὸν,
1249 3991 1321 4048 ἔνθα
1332 3996 1363 4048 ο1
1373 4011 1401 4050 τε
1412 3996 1505 4068 βωμοὶ

336 4085 475 4157 μένουσιν
492 4081 521 4136 ol
532 4076 594 4136 τότε
608 4079 777 4154 ἱδρυθέντες,
796 4079 860 4145 (scil.
877 4095 922 4133 ure
934 4079 1035 4134 luaouia
1048 4081 1176 4144 sororiae,
1194 4081 1315 4134 etaltera
1326 4081 1378 4136 1οοί
1390 4083 1504 4147 Curiati)

337 4171 384 4224 arod
396 4164 480 4232 ξύλον
490 4164 563 4242 ὑπὲρ
575 4161 669 4223 αὐτῶν
679 4167 789 4221 τέταται
801 4164 868 4220 duel
879 4169 938 4225 τοῖς
949 4161 1064 4240 ἀντικρὺ
1075 4161 1202 4234 αλλήλων
1213 4165 1505 4242 τοίχοιςένρρμοομί·

338 4272 397 4320 νοτ,
410 4249 426 4308 δ’
438 4257 545 4326 γίνεται
557 4257 617 4314 τοῖς
628 4251 751 4316 litorium
762 4248 833 4323 rinlp
844 4253 974 4324 κεφαλῆς,
985 4247 1160 4324 καλούμενον
1170 4253 1203 4324 τῇ
1213 4247 1354 4326 Ῥωμαϊκῇ
1368 4253 1505 4323 διαλέκτῳ

339 4341 365 4402 Ε
370 4335 451 4395 dtur
467 4333 629 4412 ἀδελφῆς.
646 4366 681 4380 ·-
698 4338 817 4409 Cyprium
829 4339 910 4391 vicum
922 4335 1006 4390 Verre
1018 4338 1048 4390 b.
1058 4338 1088 4392 l..
1097 4337 1129 4400 V,
1144 4338 1193 4389 150
1203 4353 1220 4391 τ
1231 4337 1332 4392 Sabidio
1344 4340 1378 4393 ilai
1390 4341 1506 4394 babitan-

339 4425 407 4481 tibus
424 4426 577 4496 appellatum
591 4426 630 4478 eit
645 4425 704 4478 boui
721 4423 809 4477 ominis
826 4425 1004 4491 caum-quod
1020 4439 1149 4493 cypron
1167 4424 1254 4476 sabino
1272 4424 1381 4477 bosun
1399 4424 1507 4478 dicotur.
1626 4457 1629 4464 -

340 4511 395 4580 Ego
411 4513 475 4564 bauo
490 4519 588 4581 purten
604 4511 675 4564 urbia
691 4511 723 4564 ab
735 4510 851 4564 Etruscis
868 4508 954 4579 potius
969 4524 1043 4578 quen
1058 4507 1186 4563 aSalaiaia
1199 4510 1335 4563 habitatu
1346 4509 1507 4575 crediderit,

340 4599 473 4668 vicumque
489 4613 506 4652 a
521 4597 623 4668 Cupra
638 4597 805 4667 appellatura,
825 4597 850 4648 i.
865 4612 890 4647 e.
905 4610 930 4648 ι.
941 4593 1071 4660 lunone,
1091 4610 1164 4664 quan
1175 4595 1304 4665 Capram
1315 4595 1508 4665 Tyanam

341 4700 456 4739 coruom
468 4692 584 4738 τοοιτοι
595 4699 655 4738 eoae
666 4683 759 4737 Strabo
771 4680 794 4736 V
805 4698 829 4752 p.
842 4681 890 4736 tlt
904 4687 1025 4736 nautae.
1060 4679 1099 4737 Gi.
1110 4681 1228 4738 Mueller.
1239 4681 1297 4737 cu.
1309 4682 1327 4736 2
1338 4698 1362 4751 p.
1374 4681 1418 4736 41.
