3792 5609
879 828 1080 928 ...tl-

397 1039 449 1102 per
472 1037 580 1082 manus
605 1015 720 1079 traditis
745 1025 774 1079 et
794 1016 880 1098 tulga
904 1020 1030 1103 receptis
1048 1022 1126 1084 lente
1144 1019 1361 1102 acquiescebat,
1382 1022 1557 1104 intelligendi

395 1122 526 1185 studium
542 1141 578 1182 ae
592 1119 740 1183 iudirandi
764 1119 891 1184 sollertia
907 1125 1092 1186 surressrrit.
1130 1125 1225 1205 htque
1235 1126 1294 1187 hoe
1304 1124 1456 1189 Nirlnrhrii
1469 1127 1557 1190 rrreri·

396 1236 456 1287 turn
470 1243 577 1304 negare
592 1243 680 1285 nenro
692 1217 729 1284 nr
744 1243 777 1286 er
790 1225 833 1284 eis
846 1225 965 1305 quidem
978 1227 1065 1298 trusit,
1080 1225 1131 1308 qui
1144 1227 1313 1308 reteroqnin
1327 1229 1416 1290 rnnlta
1429 1229 1458 1290 in
1471 1249 1557 1310 prrae-

394 1329 472 1390 rlaro
491 1327 556 1388 eins
576 1345 665 1406 npene
681 1323 723 1386 rel
740 1325 802 1386 inre
818 1327 860 1388 rel
877 1327 983 1390 iniuria
997 1330 1230 1411 reprehendunt:
1251 1349 1320 1392 nana
1335 1351 1403 1390 esse
1416 1331 1557 1392 nonnulla

393 1449 467 1512 quae
484 1429 547 1490 iure
562 1427 736 1507 reprelnnrdi
752 1429 883 1509 pnssint,
904 1431 1050 1512 nosipsi,
1070 1433 1206 1512 quannis
1222 1433 1317 1494 ritum
1335 1452 1487 1494 snrurnunr
1504 1434 1557 1494 ad·
1592 1494 1598 1503 ,

393 1532 551 1603 irritentur,
572 1529 799 1611 haudquaquam
822 1531 929 1593 inlitias
949 1533 1037 1596 intus.
1079 1516 1276 1614 nequeenim
1299 1533 1327 1595 in
1349 1535 1440 1595 rebus
1460 1537 1557 1596 solum

357 1641 373 1692 t
392 1635 451 1706 eis,
472 1653 548 1714 quas
564 1632 679 1712 primus
694 1631 739 1694 ille
752 1633 939 1714 ermigitrnit,
960 1655 1027 1696 esse
1046 1637 1189 1715 quasdam
1206 1634 1252 1696 rin
1267 1635 1436 1715 probabiles
1451 1655 1557 1698 ronre-

393 1736 504 1806 dimus,
520 1734 676 1796 sedetiam
693 1735 921 1818 rationumque
937 1757 1011 1800 usus
1027 1747 1073 1800 est
1087 1737 1117 1799 in
1133 1747 1263 1800 reterurn
1279 1737 1457 1818 scriptorum
1475 1738 1557 1800 testi·

394 1839 504 1902 runniis
523 1836 568 1899 rel
588 1838 763 1919 spernendis
784 1839 827 1901 rel
846 1840 1038 1916 adhibendis,
1058 1839 1206 1904 eiusmodi
1227 1859 1293 1901 esse
1312 1839 1504 1913 arbitramur,
1526 1851 1559 1904 ut

394 1960 609 2022 nonnunquam
631 1940 709 2003 insto
729 1942 871 2004 audacius
890 1943 986 2025 egisse
999 1953 1029 2007 et
1043 1943 1202 2025 cupiditate
1216 1943 1310 2022 magis
1325 1962 1415 2024 quam
1429 1954 1510 2006 certo
1525 1965 1560 2007 ac

395 2045 543 2109 constanti
560 2043 667 2106 iudicio
683 2045 790 2107 duetus
803 2045 893 2109 rideri
905 2049 1010 2128 pressit.
1047 2046 1161 2110 decidit
1171 2055 1268 2108 ιιιιοιιι
1281 2048 1347 2118 hoc,
1362 2046 1419 2108 nisi
1432 2066 1557 2128 stragan·

395 2170 463 2231 pere
483 2149 625 2221 fallimur,
645 2146 731 2208 etiarn
754 2147 857 2222 ineis,
877 2169 954 2231 quae
972 2152 1010 2214 de
1025 2149 1163 2213 tribubus
1182 2157 1212 2210 et
1230 2147 1321 2210 curiis
1341 2148 1452 2228 passim
1469 2149 1558 2212 abeo

394 2250 548 2334 proposita
567 2258 652 2312 sunt:
677 2267 751 2331 rpras
771 2269 864 2332 quum
885 2251 969 2316 initio
990 2252 1120 2328 (llistor.
1135 2251 1222 2314 Roas.
1242 2249 1311 2312 edit.
1331 2250 1419 2331 print.
1435 2262 1510 2332 part.
1532 2253 1557 2314 l.

365 2343 367 2348 ’
395 2373 423 2436 p.
435 2352 508 2416 223.
521 2351 748 2428 santuanensi
761 2353 863 2434 populi
875 2364 975 2436 partes
987 2355 1078 2418 baisse
1090 2352 1295 2426 concessisset,
1310 2351 1460 2434 inquibus
1472 2373 1557 2436 proe-

395 2465 438 2518 ter
458 2454 599 2538 patricios
618 2473 782 2538 eorumqnn
802 2457 922 2520 rlientrs
941 2457 1029 2521 etiarn
1046 2455 1149 2540 plebeii
1165 2454 1273 2519 tuerint
1288 2475 1322 2517 nr.
1336 2455 1423 2536 proin
1439 2455 1557 2538 aliquod

395 2568 472 2622 rerte
487 2556 618 2639 suffragii
634 2557 680 2620 ius
697 2559 725 2620 in
741 2559 861 2622 ruriatis
877 2561 1005 2624 rondtiis
1020 2558 1187 2632 habuerint,
1202 2567 1330 2620 attamen
1346 2569 1414 2640 post
1431 2559 1557 2621 tributo·
1595 2559 1599 2570 “

396 2681 460 2724 ιιιιιι
481 2661 668 2724 rnrnitinrmn
690 2673 805 2726 nurtam
827 2674 1001 2746 potestatem
1021 2662 1132 2726 ruriata
1148 2661 1337 2744 patriciorum
1355 2671 1468 2724 tantum
1484 2682 1557 2724 eorr-

396 2765 458 2828 rilia
475 2767 549 2828 laeta
564 2785 631 2828 osse
646 2765 812 2838 statuisset:
829 2788 896 2831 ιιιιιι
913 2789 1000 2834 suam
1015 2769 1079 2850 ipse
1093 2766 1268 2830 sententiam
1284 2774 1404 2828 eatenus
1417 2773 1557 2828 retraeta-

398 2869 435 2930 rit
451 2869 510 2944 (ed.
523 2867 608 2950 prim.
622 2879 697 2950 part.
704 2869 734 2932 2.
747 2871 820 2950 p.3l
836 2877 896 2952 sq.)
912 2882 945 2934 ιιι
960 2871 1087 2934 enrrritiis
1103 2880 1180 2931 rerte
1194 2868 1314 2930 ruriatis
1330 2869 1411 2931 orrrni
1427 2879 1559 2950 terrrpore

397 2972 525 3053 plebeios
540 2974 677 3036 exclusos
692 2972 785 3035 luisse
796 2976 987 3038 contenderet
1000 2974 1043 3052 pt
1055 2973 1136 3054 quod
1148 2972 1235 3034 etiarn
1249 2972 1277 3032 in
1290 2973 1419 3034 munda
1431 2972 1559 3034 editione

398 3074 488 3138 tenuit
502 3085 532 3138 et
547 3075 632 3137 noris
647 3075 826 3157 quibusdam
842 3079 1023 3159 argumentis
1038 3078 1213 3140 rnrrlrnnaoe
1227 3084 1352 3137 ronatus
1366 3081 1435 3151 est),
1455 3093 1557 3137 saero-

348 3233 351 3240 .
397 3197 463 3241 mru
478 3188 575 3240 autern
592 3178 622 3240 iu
633 3179 722 3241 curiis
736 3179 863 3260 plebeias
876 3201 996 3263 quoqne
1009 3180 1133 3244 familias
1145 3177 1301 3260 participes
1315 3179 1430 3249 lateret,
1446 3196 1557 3252 rerum,

398 3292 428 3344 ut
448 3281 576 3356 ridetur,
595 3301 646 3343 eas
667 3285 888 3358 tantummodo,
908 3305 984 3366 quae
1002 3292 1104 3347 essent
1122 3301 1190 3344 rurn
1211 3279 1340 3361 patriciis
1359 3300 1465 3361 genere
1484 3299 1557 3342 enn-

397 3384 511 3448 iunrtae
525 3394 554 3446 et
568 3405 584 3446 a
600 3385 729 3467 patriciis
745 3387 882 3466 gentibus
898 3398 1027 3462 exortae,
1042 3387 1143 3468 quales
1154 3407 1180 3446 e.
1191 3405 1216 3446 r.
1229 3383 1403 3446 Srrilrnnins
1414 3384 1558 3446 Curiones
1624 3387 1627 3396 '

397 3489 487 3550 luisse
501 3487 657 3562 existimat,
676 3488 722 3550 ed.
735 3509 793 3550 ser.
811 3500 885 3572 part.
904 3493 927 3553 l.
945 3513 974 3573 p.
993 3492 1122 3571 stu--
1140 3487 1224 3550 lianc
1238 3486 1412 3549 sententiam
1429 3498 1557 3550 reterens

397 3593 536 3655 historiae
550 3593 701 3654 horitanae
716 3591 905 3674 scriptorum,
926 3595 1111 3676 quiquidem
1128 3600 1250 3654 aetatem
1267 3592 1408 3660 tulerunt,
1424 3591 1557 3653 orrrniurn

397 3695 515 3757 disertis
535 3695 712 3756 testimoniis
732 3695 881 3758 adversari
899 3715 1150 3778 supernaraneum
1166 3703 1211 3757 est
1227 3695 1443 3767 demonstrare,
1464 3714 1560 3775 tueque

398 3797 454 3859 boe
474 3798 537 3878 ipse
557 3797 735 3860 Niebulrrius
755 3797 879 3880 eiusque
894 3800 1122 3882 adstipulatores
1137 3807 1259 3879 negant,
1281 3817 1381 3860 rerum
1398 3797 1558 3878 scriptores

399 3897 518 3959 istosin
537 3917 636 3962 erroro
651 3901 759 3962 rersari
780 3903 977 3977 contendunt,
998 3920 1106 3984 magno
1126 3901 1245 3982 quidem
1267 3900 1382 3963 ihored
1398 3899 1558 3962 excusabili

399 4009 496 4063 tanton
513 4012 675 4082 propterea,
691 4005 772 4084 quud
788 4005 921 4085 ipsorum
932 4015 1035 4078 aetate,
1050 4005 1131 4068 omni
1145 4003 1249 4065 veteris
1264 4001 1305 4064 rei
1317 4001 1452 4083 publicae
1463 4003 1558 4064 lonun

400 4103 485 4182 plane
505 4101 670 4178 irrrurututa,
689 4107 836 4170 ruriarurn
858 4127 978 4188 quoque
997 4107 1156 4188 ‹leseriptio
1177 4114 1207 4167 et
1224 4103 1363 4166 ordinum
1383 4103 1446 4165 iura
1462 4103 1499 4166 ab
1515 4105 1558 4165 eis

400 4223 476 4284 quae
495 4204 564 4266 olirn
584 4208 698 4269 luerent
716 4228 840 4288 prorsus
861 4209 976 4272 dirersa
994 4209 1167 4271 extitissent.
1214 4206 1315 4286 Neque
1338 4222 1395 4266 nos
1416 4222 1559 4284 negamus

400 4305 462 4368 lieri
478 4305 625 4387 potuisse,
645 4319 679 4372 ut
697 4309 842 4374 eiusmodi
859 4329 960 4374 errore
974 4329 1053 4373 unns
1068 4317 1120 4372 aut
1134 4307 1206 4369 alter
1221 4307 1434 4387 implicaretur3
1454 4324 1558 4368 omnes

400 4399 498 4471 nutem
513 4410 617 4472 eodem
633 4413 722 4474 rrrndo
737 4432 866 4487 errasse,
882 4433 979 4496 neque
994 4430 1087 4476 unum
1102 4410 1234 4473 relietum
1249 4429 1330 4482 esse,
1347 4409 1431 4472 euius
1446 4409 1558 4472 diserto

400 4521 430 4572 et
443 4511 522 4573 riaru
538 4511 706 4575 testimonio
723 4515 848 4594 vulgaris
863 4535 946 4579 error
960 4513 1096 4593 redargui
1112 4511 1222 4593 possit,
1242 4511 1272 4573 id
1286 4530 1355 4572 roro
1371 4531 1495 4591 prorsus
1511 4511 1558 4572 in·

400 4611 538 4674 eredihdo
554 4613 643 4675 nobis
663 4614 752 4676 rideri
768 4617 906 4689 tourtam,
922 4637 1015 4698 quum
1030 4612 1203 4696 praesentor
1218 4611 1249 4674 in
1264 4612 1475 4676 vetustioribus
1490 4633 1557 4675 mo·

400 4713 560 4788 rrunrentis,
572 4721 698 4795 quorum
715 4715 903 4778 tenuissimae
917 4719 1062 4799 quaedam
1078 4714 1217 4793 reliquiae
1232 4715 1269 4776 nd
1284 4722 1418 4776 nostram
1434 4723 1557 4776 aetatem

400 4823 603 4896 pensaurum,
618 4826 665 4878 sat
679 4817 809 4879 multaret
824 4816 976 4882 trianitrsta
989 4818 1048 4881 reri
1061 4815 1167 4879 indicio
1178 4813 1270 4876 luisse
1281 4823 1426 4894 oporteat,
1439 4825 1469 4877 et
1480 4814 1557 4896 apud
