3792 5609
415 1921 474 2013 DE
507 1921 760 2018 utrumuis
791 1921 1147 2016 utdtstuttttutt
1179 1919 1415 2012 Gttstoltuu

775 2125 1055 2220 nantelmus

321 2411 322 2416 ἵ
416 2407 562 2487 lsnrrates
579 2425 607 2487 in
623 2425 757 2488 oratione
772 2424 974 2507 Areopagitica
993 2445 1057 2506 rap.
1070 2422 1108 2485 {X
1124 2430 1254 2484 veterum
1271 2420 1491 2483 dtlrenlensinm
1509 2425 1530 2477 ³

331 2547 430 2590 mores
450 2538 538 2610 aterno
558 2527 689 2591 instituta
710 2548 965 2601 errrrrmomorans,
986 2529 1062 2590 inter
1081 2526 1135 2588 alia
1151 2524 1241 2608 peto-t
1258 2524 1401 2606 terrmoris
1417 2523 1491 2585 tana

330 2631 417 2694 otiam
440 2631 664 2711 magistratuum
685 2631 970 2696 administrationem
989 2629 1117 2693 snurrnis
1136 2629 1272 2692 laudibus
1291 2627 1415 2690 extollit:
1441 2647 1492 2688 ne·

331 2754 391 2816 qno
406 2733 485 2796 enim
501 2735 658 2797 mandatos
673 2755 740 2797 esso
755 2736 943 2816 magistratus
960 2735 1017 2797 nisi
1031 2734 1090 2807 eis,
1105 2731 1156 2815 qm
1171 2731 1244 2793 satis
1258 2739 1356 2792 essent
1374 2731 1492 2793 tarulta·
1557 2743 1560 2747 ’

333 2837 410 2901 tilms
427 2837 572 2911 instruat,
587 2846 622 2901 nt
636 2838 717 2901 omni
733 2838 776 2901 rei
791 2857 863 2900 strae
878 2837 1028 2900 familiaris
1043 2853 1114 2898 eura
1130 2833 1219 2898 soloti
1235 2843 1360 2895 totos'se
1371 2841 1493 2916 {rossem

330 2941 371 3005 roi
387 2941 519 3024 publicae
534 2942 614 3016 dare,
627 2941 744 3022 irasque
761 2949 906 3022 potestate
921 2957 975 3002 sna
990 2939 1213 3011 strutionum,
1228 2956 1289 2999 non
1302 2946 1332 2999 nt
1346 2937 1405 3000 sitsi
1417 2937 1493 3000 suis·

331 3065 389 3127 que
405 3043 572 3108 eorrrmodis
588 3043 806 3127 prospicerent,
828 3046 880 3107 sed
896 3053 929 3105 ut
944 3043 986 3106 rei
1002 3043 1136 3125 puldieae
1151 3043 1309 3114 santoni,
1328 3041 1493 3122 mdtaroqoe

331 3169 468 3213 curarum
488 3169 523 3212 ao
542 3147 675 3213 laborum
698 3148 861 3210 rrrerredom
882 3159 999 3230 praeter
1017 3148 1124 3210 cisium
1141 3165 1264 3208 smmum
1280 3146 1398 3208 landum
1415 3155 1492 3226 'rete-

331 3261 410 3327 rent,
430 3271 529 3333 neque
544 3250 703 3332 refugisse,
724 3270 783 3333 mm
801 3252 914 3326 orions,
936 3253 961 3314 si
977 3251 1046 3333 qnid
1062 3249 1268 3330 «retinuissem.
1288 3247 1500 3333 gravissimam

330 3354 616 3419 aninmdrersionrm
637 3353 784 3428 subirent,
800 3354 998 3434 indirinmqne
1012 3353 1050 3414 de
1065 3373 1110 3422 se.
1124 3361 1223 3412 mmm
1240 3350 1376 3412 laudandi
1391 3371 1429 3411 an
1444 3370 1491 3410 ra·

331 3457 458 3540 stigandi
480 3465 596 3526 essent.
616 3455 653 3518 alr
673 3477 708 3516 eo
731 3455 812 3536 ipso,
831 3475 922 3537 aqum
938 3455 1025 3516 creati
1041 3463 1155 3524 essent,
1173 3455 1284 3535 iterando
1299 3464 1490 3514 exercentur.

332 3563 425 3642 tltrnre
440 3559 497 3620 lirin
511 3557 645 3638 «pridem,
661 3567 702 3630 ut,
717 3577 733 3619 a
749 3557 859 3639 quilius
874 3558 999 3639 quisque
1014 3557 1215 3636 magistratum
1231 3556 1401 3637 arrepisset.
1415 3555 1490 3636 apud

332 3661 453 3723 ansilam
479 3659 566 3722 etiam
594 3660 740 3740 pertundi
767 3661 897 3723 muneris
916 3661 1062 3723 rationem
1083 3661 1232 3730 redderet,
1257 3677 1318 3720 non
1339 3659 1490 3739 proprium

331 3761 554 3826 Atheniensium
578 3763 620 3825 rei
640 3761 771 3843 publicae
791 3765 844 3824 sed
864 3783 1024 3826 crrnnmmo
1043 3761 1097 3825 toti
1116 3779 1184 3822 ιιιιιι
1205 3760 1324 3830 retr-ris,
1350 3754 1491 3841 «astantum

332 3865 449 3947 qrddom
471 3873 599 3939 constat,
620 3865 772 3928 omnibns:
795 3885 855 3947 qno
870 3875 968 3929 atttrm
984 3867 1074 3928 modo
1089 3865 1168 3945 aptat
1184 3861 1378 3925 Athenienses
1392 3861 1492 3944 prosi·

334 3989 401 4032 sum
418 3967 513 4043 luerit,
527 3975 562 4030 ut
575 3969 612 4029 do
626 3968 852 4048 magistratuum
864 3969 1031 4030 artionitms
1043 3967 1173 4050 poprdns
1184 3986 1374 4046 erigonam-re,
1389 3988 1493 4050 emam·

333 4092 390 4156 que
406 4070 444 4134 illi
460 4079 509 4133 ant
523 4079 602 4133 recto
617 4080 668 4134 aut
681 4090 767 4134 secus
783 4080 928 4154 potestate
945 4091 998 4133 sna
1013 4070 1061 4133 nsi
1076 4079 1176 4132 essent
1192 4070 1321 4133 iudicare
1338 4082 1449 4152 posset,
1464 4069 1493 4134 in

333 4173 506 4240 universum
528 4173 646 4255 quidem
665 4191 728 4237 non
744 4173 877 4256 ignotum
893 4183 954 4249 est,
974 4174 1148 4254 dudumque
1161 4193 1253 4255 quum
1270 4174 1308 4235 alr
1321 4173 1386 4236 aliis
1402 4183 1494 4236 torna

334 4277 422 4342 nobis
437 4275 613 4360 expositum.
640 4275 772 4340 Primum
788 4277 867 4340 enim
883 4287 1014 4350 constat,
1030 4276 1060 4339 in
1076 4275 1171 4358 prima
1186 4275 1330 4360 rariusque,
1345 4275 1495 4359 prytanin·

335 4379 457 4444 ecclesia
471 4379 599 4462 legitima
614 4371 892 4462 ἐπιχειροτονίαν,
913 4399 989 4462 quae,
1004 4379 1120 4453 dieitur,
1140 4381 1367 4463 magistratuum
1383 4378 1495 4443 institui

335 4483 453 4549 solitam
467 4503 548 4560 esse,
567 4484 596 4548 n.
607 4504 632 4548 e.
648 4493 784 4566 rogatum
800 4504 866 4547 esse
880 4505 897 4546 a
912 4483 1102 4566 praesidibus
1116 4486 1275 4570 poputum,
1292 4484 1496 4548 riderentume

336 4587 525 4668 magistratus
546 4587 644 4652 officio
664 4606 721 4652 suo
736 4595 815 4651 reete
829 4587 910 4670 iungi
925 4605 963 4650 an
978 4607 1082 4663 secus,
1102 4599 1133 4652 et
1147 4589 1370 4672 relinquendim
1384 4589 1415 4652 in
1432 4607 1497 4652 mu·

335 4704 406 4751 nere
421 4707 459 4752 an
474 4687 630 4752 rmorerrdi
644 4697 754 4766 essent,
768 4707 860 4771 oaqm
874 4689 1032 4755 occasione
1046 4691 1089 4758 uti
1106 4693 1242 4777 potuisse
1255 4693 1281 4758 si
1296 4692 1364 4776 quis
1381 4694 1422 4757 rel
1437 4692 1496 4776 pri·

336 4797 468 4854 ratamm
484 4789 657 4854 iniuriarum
673 4791 808 4872 querelas
818 4791 862 4855 rel
876 4791 1065 4873 nutilieorum
1079 4795 1255 4861 delictorum
1267 4796 1375 4885 indicia
1387 4807 1439 4862 eut
1449 4815 1497 4860 ae·
