3792 5609
937 766 998 829 130

329 966 363 1016 ts
468 952 526 1014 Sed
545 951 675 1015 liberum
694 951 810 1016 ordinis
835 953 954 1015 meum
979 952 1029 1033 qui
1055 952 1304 1018 Nondumodcs
1330 955 1484 1033 dicuntur,
1511 956 1548 1020 de

380 1071 511 1135 quorum
529 1055 714 1132 conditione,
734 1074 828 1137 quum
847 1053 1028 1117 aretenihus
1044 1054 1240 1137 scriptoribus
1256 1056 1328 1119 nihil
1344 1060 1417 1123 satis
1431 1058 1550 1123 delinite

380 1157 522 1220 traditum
542 1156 596 1233 sit,
615 1157 783 1221 liberrimus
798 1166 881 1237 patet
896 1156 1083 1220 coniectandi
1099 1176 1234 1240 campus.
1261 1160 1337 1224 Nam
1352 1172 1467 1225 ueteres
1482 1162 1550 1244 qui·

380 1260 451 1321 dens
471 1258 543 1321 nihil
557 1259 617 1321 nisi
631 1260 690 1323 hoc
703 1279 797 1324 unum
814 1262 936 1335 docent,
957 1260 1051 1323 llrisao
1065 1280 1119 1323 eus
1134 1280 1291 1327 servorum
1306 1283 1434 1328 nuntero
1449 1285 1550 1328 exem·

380 1369 466 1441 ptos:
482 1354 621 1425 deivarae
636 1356 676 1426 ds*
690 1358 730 1427 τὸ
746 1359 955 1445 νεοίαμῶδος
969 1356 1145 1446 ἕλεοθορὸν
1160 1354 1222 1451 ἤδη
1236 1352 1331 1443 οἶνοι,
1348 1366 1456 1447 iegitur
1470 1368 1549 1450 apud

379 1462 584 1545 Thucydidem
600 1463 660 1540 ΙἸΙ,
676 1466 727 1539 58,
744 1465 909 1549 uuicuique
923 1467 1051 1530 resleuut
1065 1486 1170 1547 quasa
1187 1469 1388 1547 grarnmsticis
1404 1469 1551 1544 audimus,

380 1565 463 1647 apud
480 1566 644 1647 bleursium
664 1566 782 1630 bliscell.
803 1568 911 1632 haeum
927 1568 966 1643 ΙΙ,
984 1570 1019 1643 7,
1039 1568 1148 1632 usumin.
1175 1571 1262 1651 Apsud
1278 1570 1438 1635 historicos
1453 1582 1551 1634 autem

381 1684 443 1731 uon
464 1687 532 1731 raro
551 1671 584 1733 iu
603 1671 780 1733 exercitibus
800 1672 1101 1735 Lacedaemoniorum
1122 1690 1182 1735 una
1203 1691 1271 1735 cum
1291 1672 1439 1737 hebetibus
1454 1682 1484 1737 et
1498 1694 1551 1755 pe·

381 1771 490 1835 rioecis
504 1784 777 1838 commemorantur
790 1775 1004 1849 neodamodes‚
1023 1784 1112 1858 atque
1132 1774 1175 1839 sic
1191 1776 1327 1856 quidem,
1347 1784 1380 1839 ut
1394 1793 1552 1839 numerum

382 1892 489 1938 eorum
505 1876 585 1939 haud
599 1877 740 1957 exiguum
755 1878 848 1941 luisse
861 1889 1010 1962 appareat.
1037 1879 1113 1941 Nam
1129 1878 1193 1941 belli
1208 1876 1453 1961 Peloponnesiaci
1473 1896 1553 1942 anno

384 1978 608 2059 undevigesimo
627 1979 852 2045 Lacedaemonii
876 1977 942 2045 τῶν
965 2001 1001 2045 το
1026 1973 1168 2047 nitrionis
1190 1976 1267 2055 τοίς
1283 1974 1477 2061 βελτίστους
1495 1975 1552 2043 καί

383 2075 452 2143 sois
476 2076 698 2161 ssodupsordois
717 2076 974 2167 ξονομφοτίρων
991 2072 1185 2159 ἑξακοσίους
1204 2070 1348 2157 ὁπλίτας
1373 2082 1403 2145 in
1423 2082 1552 2145 Siciliam

385 2185 548 2259 nuisement,
566 2185 642 2248 duos
659 2181 805 2267 Spartano
824 2186 958 2259 scatio,
979 2184 1110 2267 Thucpd.
1126 2182 1190 2259 ΙΙΙ,
1216 2182 1262 2245 Ι9.
1289 2184 1364 2247 Post
1381 2203 1477 2248 annos
1493 2194 1553 2248 tre·

387 2284 485 2348 decim
510 2286 567 2347 sub
586 2284 768 2349 'l’himbrone
790 2286 820 2349 in
841 2286 911 2349 dsia
931 2285 1009 2349 mille
1028 2285 1143 2349 circiter
1161 2284 1363 2349 neodsmodes
1382 2288 1553 2359 mditaruut,

388 2385 525 2468 Xenoph.
540 2386 650 2449 llellen.
670 2386 722 2462 ΙΙΙ,
741 2389 824 2463 1‚s;
842 2396 872 2451 et
891 2394 961 2469 post
979 2396 1118 2469 quattuor
1137 2406 1233 2450 annos
1247 2387 1399 2469 Agesilaus
1419 2407 1488 2451 cum
1508 2388 1554 2451 his

389 2486 467 2549 mille
482 2487 734 2561 neodamodibus.
750 2508 802 2551 ses
816 2488 945 2552 millibus
961 2488 1123 2562 sociorum,
1139 2488 1248 2553 bellum
1263 2489 1293 2552 iu
1309 2489 1378 2553 dsia
1393 2490 1554 2571 gerendum

388 2590 536 2671 suscepit,
557 2590 597 2653 id.
613 2588 653 2653 ib.
667 2589 720 2667 ΙΙΙ,
736 2592 770 2665 l,
785 2590 815 2653 2.
849 2589 1019 2653 munuum
1034 2599 1079 2653 ost
1093 2597 1191 2653 autem
1207 2590 1317 2655 nullasu
1333 2592 1555 2655 neodamodum

389 2691 572 2755 mentionem
592 2694 654 2757 heri
675 2713 770 2775 neque
789 2692 869 2774 apud
883 2712 936 2755 eos
952 2690 1127 2774 scriptores,
1148 2692 1200 2774 qui
1215 2712 1262 2756 res
1277 2694 1492 2774 Spsartanorum
1507 2692 1555 2756 his

390 2814 466 2877 quae
493 2794 662 2876 Xenophon
691 2796 863 2878 manipularius
890 2804 937 2858 ost
968 2794 1150 2877 temporibus
1181 2794 1364 2876 posteriores
1394 2796 1556 2859 rnresuorias
1604 2866 1607 2873 ,

391 2898 591 2974 tradiderunt,
611 2917 708 2981 neque
728 2898 807 2980 apud
827 2898 908 2971 illos,
934 2896 985 2979 qui
1006 2916 1054 2961 res
1072 2897 1148 2960 bebo
1167 2899 1420 2979 Peloponnesiaco
1440 2900 1555 2981 priores

391 3012 560 3067 narrarunt.
593 3000 667 3065 Nuus
687 3003 769 3084 quod
789 3003 821 3065 Ι.
842 3001 878 3063 ΙΙ.
893 3000 1165 3079 Lachmannuslll
1186 3001 1224 3063 ab
1242 3000 1409 3077 Herodoto,
1428 3002 1483 3077 ΙΙΙ,
1504 3002 1556 3077 28,

393 3105 468 3169 iuter
481 3106 603 3168 belotus.
618 3123 746 3186 quorum
762 3105 893 3187 utrinque
908 3112 937 3166 et
951 3104 1070 3185 triginta
1085 3103 1172 3167 millia
1188 3104 1267 3186 apud
1278 3103 1410 3168 Plataeas
1425 3104 1455 3168 iu
1470 3122 1554 3168 eser·

392 3207 452 3272 ritu
472 3207 597 3283 luerint,
615 3208 703 3270 etiam
722 3208 925 3271 neodamodes
940 3216 1111 3271 numeratos
1127 3227 1194 3269 esse
1210 3206 1314 3281 credit,
1334 3208 1395 3270 lieri
1411 3216 1510 3290 potest
1524 3216 1558 3271 ut

392 3329 504 3385 serum,
519 3318 620 3392 potest
632 3311 721 3374 etiam
736 3320 770 3374 ut
783 3311 890 3374 lalsum
906 3310 945 3373 sit
956 3314 968 3353 Ι
979 3312 1020 3389 ³).
1046 3310 1119 3373 hlud
1135 3318 1232 3374 autem
1248 3330 1304 3392 pro
1320 3321 1400 3373 certo
1416 3311 1556 3376 affirmari

392 3432 482 3495 posse
497 3413 621 3487 ridetur.
636 3414 779 3478 maiorem
796 3414 924 3495 aliquem
936 3430 1095 3477 uumemm
1107 3411 1243 3475 Halotum
1255 3414 1422 3477 manumitti
1435 3436 1451 3478 a
1463 3414 1555 3498 Spar-

392 3516 469 3581 tanis
485 3532 547 3579 uon
561 3516 683 3579 solitum
698 3536 765 3580 esse
779 3516 837 3580 nisi
852 3526 975 3597 propter
989 3535 1110 3599 oporam
1126 3517 1232 3578 lortem
1248 3524 1277 3579 ct
1291 3516 1407 3579 lidelem
1428 3515 1459 3578 iu
1474 3516 1557 3582 bellis

394 3618 579 3699 praestitam,
604 3618 857 3700 quemadmodum
881 3619 960 3701 apud
981 3616 1183 3700 Thucydidem
1203 3616 1249 3693 tv,
1269 3616 1310 3680 80
1330 3616 1482 3692 cornibus,
1506 3618 1556 3701 qui

394 3721 481 3784 talem
495 3742 512 3785 a
528 3741 561 3785 se
575 3722 749 3803 praestitam
764 3742 832 3785 esse
845 3722 1038 3804 probassent,¹
1047 3720 1213 3784 libertatem
1229 3718 1407 3800 promissam
1423 3718 1557 3800 legimus,

395 3840 545 3905 quumque
563 3824 611 3887 bis
630 3823 708 3887 mille
725 3826 784 3888 lere
804 3826 932 3907 professi
953 3832 1071 3897 essent,
1086 3824 1143 3887 hos
1159 3839 1263 3885 onrnes
1277 3821 1416 3885 liberatos
1428 3822 1558 3904 quidem,

353 3984 355 3986 ,
396 3925 448 3988 ssd
467 3944 537 3988 mos
555 3926 593 3989 de
607 3926 706 3989 medio
721 3927 854 3991 sublatos
867 3940 945 3991 essu
974 3927 1053 3993 idem
1069 3925 1211 4009 scriptor,
1232 3926 1270 3999 V,
1290 3926 1348 3999 bl,
1367 3944 1420 3989 sos
1436 3925 1485 4007 qui
1501 3927 1557 3989 sub

397 4024 518 4090 Brucida
532 4027 733 4105 militauerant,
747 4064 789 4077 -
802 4032 944 4094 eduxerat
958 4038 1055 4093 autem
1072 4027 1113 4102 is,
1128 4038 1161 4091 ut
1175 4048 1191 4091 c
1205 4028 1257 4101 ΙΙΙ,
1273 4028 1423 4123 stipulat,
1438 4028 1558 4092 llelotas

464 4250 507 4317 tt)
524 4250 571 4303 liis
583 4252 668 4320 Spart.
680 4252 831 4306 Stsstsveri.
844 4270 867 4323 p.
883 4253 931 4307 lii
945 4262 998 4307 not.
1012 4252 1037 4307 2.
1304 4292 1307 4297 ·

465 4333 508 4401 dd)
526 4334 587 4389 Fuit
597 4337 674 4403 adeo,
690 4338 732 4405 qui
745 4337 939 4392 nom-aditus
951 4339 1027 4391 etism
1040 4338 1199 4408 peregrinos,
1216 4337 1331 4389 hebaeos
1342 4336 1457 4404 aliosque
1469 4350 1559 4389 aceen-

398 4428 482 4487 seret,
499 4436 562 4491 quos
573 4422 753 4491 nodosissimis
765 4424 929 4493 tenporibus,
947 4426 1055 4478 nondum
1067 4423 1141 4493 plane
1152 4422 1253 4476 devicta
1265 4421 1387 4489 huonis,
1403 4422 1521 4491 Spartani
1534 4422 1558 4474 is

398 4505 524 4560 civitaten
536 4508 686 4577 rsespsrisl,
698 4515 834 4577 pestesque
843 4526 933 4563 rursus
942 4512 1036 4580 optimo
1044 4508 1157 4564 civitatis
1166 4509 1222 4561 lars
1232 4506 1405 4576 spoliaverint,
1423 4506 1451 4560 Ε.
1461 4506 1558 4574 Crono,
1596 4546 1598 4553 .

399 4592 430 4646 ds
445 4592 634 4662 peoesrinornss
649 4594 714 4662 apud
730 4592 822 4648 beced.
835 4596 905 4666 loeo,
919 4598 944 4649 is
958 4584 1045 4667 paupe.¹
1057 4612 1142 4667 amn.
1155 4592 1320 4663 llnsssllsrp.
1332 4609 1392 4647 suu.
1407 4590 1482 4647 tata.
1494 4609 1519 4663 p.
1533 4592 1559 4645 b,
1584 4628 1585 4631 =

399 4677 514 4747 muns,
531 4686 562 4731 ss
575 4694 652 4749 sapen
662 4679 731 4746 dlxi,
748 4679 890 4735 biterrim
900 4691 972 4755 petet
983 4682 1139 4737 cunimundi
1151 4694 1265 4749 campus,
1283 4678 1307 4732 is
1320 4696 1369 4748 qus
1381 4680 1479 4751 quitus
1491 4679 1559 4749 peri·
