3792 5609
958 648 1022 715 326

403 843 563 909 admodum
583 841 671 904 etiam
691 851 762 923 post
775 851 891 906 renatas
905 841 1019 905 litteras
1035 857 1128 922 quum
1143 839 1181 902 ab
1195 839 1259 903 aliis
1275 849 1337 904 tum
1353 838 1392 902 alr
1406 856 1468 902 uno
1482 859 1570 923 prae·

404 946 588 1011 stantissimo
610 945 643 1007 G.
664 944 686 1008 l.
705 943 812 1007 l'ossio
833 947 943 1008 lactum
964 953 1018 1007 est
1048 977 1092 990 -
1134 942 1221 1006 lllum
1241 942 1341 1024 igitur,
1360 961 1449 1024 quem
1469 942 1570 1009 Cicero

300 1069 302 1072 ·
404 1059 554 1114 auctorem
570 1047 687 1125 lralruit,
707 1047 769 1110 sivo
785 1047 810 1111 is
825 1048 1000 1111 Aristoteles
1015 1047 1076 1110 siro
1091 1045 1165 1110 alius
1181 1045 1250 1120 tait,
1269 1044 1300 1108 in
1315 1064 1422 1127 magna
1437 1045 1571 1110 multitu·

404 1153 471 1216 ilinc
486 1151 662 1222 fabularum.
678 1171 753 1234 quae
768 1150 839 1214 olim
854 1151 891 1214 de
905 1150 1042 1233 Apolline
1057 1149 1239 1222 ferebantur,
1254 1167 1379 1232 murum
1395 1169 1469 1232 quae
1482 1150 1573 1214 hodie

402 1266 564 1339 supersunt
578 1253 713 1337 enigmata
727 1263 843 1318 tantum
858 1263 973 1337 partem
989 1274 1057 1316 csse
1070 1271 1160 1317 nemu
1176 1253 1259 1317 laoilo
1280 1253 1443 1334 negaverit,
1464 1252 1572 1336 aliquid

403 1360 543 1425 traditum
563 1358 710 1422 invenisse
730 1356 955 1434 arbitrabimur,
981 1378 1042 1440 qno
1063 1357 1162 1432 illurn,
1187 1356 1239 1438 qui
1262 1368 1367 1422 custos
1390 1357 1573 1421 Athenarum

403 1465 578 1538 haberetur,
598 1461 718 1526 Vulcani
737 1471 766 1524 et
785 1461 933 1525 llinoreae
948 1460 1039 1524 Alium
1054 1480 1121 1523 osse
1137 1459 1319 1542 intelligeret,
1334 1461 1543 1544 diversumque
1556 1481 1574 1525 a

405 1568 481 1632 lovis
497 1578 525 1628 ot
539 1566 668 1629 maronae
684 1565 757 1640 silio,
771 1583 858 1646 quem
881 1564 944 1647 ipse
965 1564 1083 1627 tertium
1103 1572 1254 1640 numerat,
1272 1572 1302 1626 et
1320 1584 1356 1628 cx
1375 1564 1574 1647 Hyperboreis

406 1671 536 1752 Delphos
551 1669 668 1731 venisse
683 1668 712 1731 li.
727 1689 753 1731 e.
769 1668 906 1750 Pptlrium
924 1666 1090 1750 Apollinem
1105 1687 1172 1731 esse
1187 1678 1343 1732 memorat.
1370 1665 1473 1749 Neque
1487 1668 1576 1749 igitur

407 1782 529 1857 propter
540 1773 644 1834 lunens
660 1781 762 1834 custos
775 1773 953 1835 Athenarum
968 1783 999 1835 et
1013 1773 1171 1857 πατρῷος
1185 1773 1279 1835 lactus
1293 1771 1384 1834 rideri
1398 1771 1506 1854 potuit,
1521 1774 1574 1837 sed

407 1887 530 1960 propter
549 1875 635 1938 aliam
657 1893 776 1939 eausam
797 1875 891 1957 magis
911 1877 1038 1938 tortasse
1056 1875 1255 1940 reconditam:
1281 1892 1459 1956 quamquam
1479 1877 1577 1958 potuit

407 1982 452 2044 rel
466 1981 526 2044 lroo
540 1980 612 2043 satis
627 1998 733 2043 causae
748 1997 815 2041 osse
831 1977 936 2052 videri,
957 1979 1037 2060 quod
1052 1979 1196 2042 llinerrae
1215 1979 1306 2042 lilium
1326 1978 1356 2040 in
1377 1979 1450 2042 urbe
1465 1980 1576 2044 lliner·

408 2105 460 2147 vae
474 2082 632 2165 praecipue
647 2081 702 2144 coli
718 2082 841 2164 eiusque
856 2085 1005 2147 fautorem
1020 2091 1049 2144 ct
1062 2081 1217 2144 custodem
1229 2081 1332 2144 haberi
1344 2092 1577 2146 consentaneum

409 2187 471 2251 luit
501 2186 566 2250 Nisi
582 2185 649 2267 quis
664 2187 740 2248 lorte
756 2205 808 2247 eos
824 2186 924 2268 potius
940 2184 1103 2248 audiendos
1119 2185 1232 2258 credat,
1246 2184 1297 2265 qui
1310 2185 1392 2248 huno
1406 2185 1577 2269 antiquissi-

410 2307 494 2353 mum
509 2289 672 2371 Apollinem
688 2307 747 2352 una
763 2305 831 2352 cum
847 2297 940 2351 aratro
955 2308 972 2350 a
987 2288 1166 2369 Cecropem
1182 2289 1312 2369 Aegypto
1331 2287 1500 2364 adiectum,
1515 2289 1578 2353 cul·

412 2401 534 2474 tuaique
559 2392 622 2455 cius
647 2392 684 2455 ad
703 2391 910 2473 Aegyptiarum
936 2389 1111 2470 religionum
1132 2391 1300 2472 exemplum
1318 2390 1487 2456 institutum
1509 2411 1579 2455 esse

413 2503 581 2558 autumant:
598 2487 758 2558 lliner'vam
773 2495 852 2557 enim
868 2494 993 2558 eandem
1008 2513 1075 2556 csso
1088 2494 1201 2566 volunt,
1216 2511 1303 2575 quam
1319 2490 1467 2568 Neitlram,
1483 2495 1578 2558 Saita-

413 2617 480 2662 rum
497 2600 598 2672 dcam,
619 2598 782 2680 Apollinem
798 2608 897 2662 antem
912 2596 1034 2659 Ncithac
1049 2596 1140 2659 Alium
1155 2594 1285 2669 Horum,
1305 2596 1469 2659 Vulcanum
1492 2597 1578 2661 deni·

413 2719 473 2782 que
488 2719 568 2774 cum,
583 2699 634 2782 qui
649 2699 686 2762 ab
700 2699 848 2781 Aegpptiis
862 2699 974 2763 Plrthas
989 2699 1111 2773 dicatur,
1125 2716 1183 2762 nec
1198 2708 1297 2762 moret
1310 2719 1375 2772 cos,
1390 2698 1470 2781 quod
1485 2700 1530 2764 sic
1543 2699 1581 2764 ali

414 2822 450 2866 co
470 2802 551 2884 ipso,
579 2801 664 2865 cuius
684 2802 857 2866 relationem
878 2802 1021 2865 illustrare
1040 2820 1074 2864 sc
1092 2801 1151 2863 hoc
1169 2801 1261 2864 modo
1281 2810 1400 2882 putant,
1430 2811 1530 2866 tamen
1550 2802 1581 2866 in

415 2923 533 2970 summa
552 2923 585 2968 ro
606 2904 763 2968 dissentire
783 2915 937 2986 coguntur.
982 2905 1057 2968 itam
1077 2903 1104 2967 is
1122 2903 1243 2986 quidem
1256 2903 1422 2968 Videanum
1436 2904 1582 2986 Apollinis

415 3020 528 3093 patrern
545 3008 739 3072 disertissime
755 3006 908 3090 distinguit
922 3008 960 3073 ab
974 3028 1020 3085 eo,
1035 3008 1085 3092 qui
1100 3008 1214 3071 Philias
1230 3007 1354 3081 dicmur,
1370 3025 1468 3089 nequo
1481 3008 1582 3073 minus

416 3113 534 3188 diserte,
550 3116 578 3190 A.
591 3112 644 3187 59,
659 3111 804 3195 Apollinis
820 3121 944 3175 matrem
958 3112 1118 3176 llinerram
1130 3111 1277 3175 ‹liversam
1292 3111 1468 3175 aSaitarum
1479 3109 1583 3175 Neitlra

416 3237 486 3280 csso
507 3225 638 3280 testatur.
674 3215 716 3279 llli
736 3222 834 3278 autem
856 3214 926 3297 quid
948 3213 1052 3278 aiunt?
1085 3214 1203 3278 Scilicet
1216 3233 1333 3278 errasse
1347 3223 1398 3278 aut
1412 3213 1584 3278 Ciceronem

415 3331 467 3384 aut
476 3339 556 3395 euni,
571 3338 660 3402 quem
676 3318 702 3382 is
718 3328 860 3402 sequutus
877 3327 937 3392 est;
953 3318 1009 3382 sibi
1024 3325 1123 3381 autem
1135 3336 1236 3380 ueram
1247 3317 1391 3381 rationem
1403 3317 1585 3400 exploratam

414 3433 444 3488 ct
457 3433 644 3507 perspectam
660 3443 728 3486 esse
742 3424 961 3500 antrmamv).
973 3457 1016 3469 -
1030 3421 1139 3485 Contra
1153 3420 1327 3486 huiusmodi
1341 3420 1518 3504 opinionum
1534 3441 1585 3485 ra·

418 3526 538 3590 nitatem
559 3527 711 3610 disputare
727 3545 981 3610 supervacaneum
996 3534 1056 3602 est,
1076 3545 1169 3608 ‹puum
1183 3526 1358 3608 praesertim
1372 3525 1514 3608 Cecropis
1528 3525 1585 3589 ista

419 3631 535 3694 colonia
556 3631 822 3714 Acgpprtiarunrqiro
842 3629 1020 3712 religionum
1041 3629 1116 3693 inter
1135 3629 1329 3694 Athenienses
1347 3627 1492 3693 institutio
1507 3628 1584 3693 iam-

363 3735 398 3790 12
418 3733 529 3798 dudum
545 3754 562 3798 a
576 3735 712 3799 llucllero
728 3733 852 3816 aliisque
867 3743 926 3798 tam
951 3733 1045 3797 firmis
1064 3732 1246 3815 argumentis
1264 3733 1388 3797 refutata
1408 3734 1462 3811 sit,
1481 3741 1517 3799 ut
1534 3734 1585 3818 qui

418 3837 564 3921 lrorlicquo
577 3838 721 3922 perditam
738 3857 858 3902 causam
872 3837 948 3902 tueri
964 3847 1123 3914 conantur,
1137 3836 1211 3901 nihil
1224 3835 1303 3902 uliud
1316 3835 1376 3902 nisi
1389 3837 1468 3904 nolle
1483 3857 1518 3903 se
1532 3859 1583 3902 re-

421 3960 490 4005 rum
504 3941 605 4006 audire
620 3941 784 4006 ostendant

505 4045 563 4110 Sed
582 4055 616 4110 ut
629 4045 666 4109 de
680 4043 850 4130 respuendo
864 4044 1006 4130 Aegyptio
1020 4043 1157 4129 Apolline
1170 4044 1263 4129 plauo
1275 4043 1415 4112 lluellero
1429 4044 1587 4124 assentior,

489 4351 531 4415 22)
549 4351 708 4422 „Apparet
727 4353 889 4410 confusura
912 4371 984 4410 asso
1001 4355 1186 4411 ocrearius
1203 4353 1378 4410 virosam
1399 4368 1481 4424 auur,
1502 4370 1590 4426 guen

421 4437 550 4508 prinu·
569 4438 623 4494 hl.
643 4439 785 4495 nominat
801 4440 950 4512 Gnatique
966 4439 1082 4510 lilioso,
1101 4458 1166 4497 cour
1182 4455 1228 4510 aa,
1250 4457 1338 4513 quau
1354 4448 1450 4497 autea
1465 4440 1532 4497 diri
1548 4441 1590 4496 li·

420 4527 495 4582 lint
511 4534 545 4580 et
561 4527 585 4580 A.
602 4527 619 4580 l.
637 4528 803 4582 secundun
825 4529 972 4597 (Pithos)
993 4529 1147 4597 nominat,
1167 4545 1257 4600 quem
1276 4529 1407 4583 suadem
1427 4530 1590 4585 oustodeu

420 4629 497 4668 ests
512 4613 650 4684 Aegypti
665 4613 812 4668 voluat.“
832 4615 918 4670 Verba
934 4616 1118 4685 mtBaelrii,
1134 4617 1167 4669 do
1183 4615 1302 4686 Apolline
1317 4615 1425 4686 patricio
1436 4616 1592 4673 afflinem

419 4699 569 4774 primigenia
581 4697 703 4766 (uoueri.
718 4697 793 4770 1820)
806 4715 831 4772 p.
845 4699 885 4756 l‘l.
916 4701 955 4757 lis
965 4701 1078 4758 ouon
1089 4701 1187 4758 tutu
1196 4702 1322 4760 umecta
1333 4701 1420 4758 dicero
1432 4701 1530 4772 oblitus
1540 4711 1592 4759 est.
