3792 5609
981 711 1045 774 226

908 795 1112 806 ——n--n--nn-

426 904 566 969 rara-itum
585 901 677 964 tatiane
697 898 835 974 eredidit,
861 897 891 960 id
907 897 988 978 quod
1005 896 1092 960 rerba
1108 898 1172 961 eina
1188 901 1345 965 ostendere
1361 901 1509 968 ridentur:
1536 901 1594 970 καί

427 1002 516 1093 ἥρως
531 999 570 1069 δὲ
585 1001 719 1087 ίόριται
736 993 876 1076 αίτόῖίι,
897 992 981 1079 ἔχων
995 995 1054 1063 τοῦ
1071 993 1194 1087 θηρίου
1210 998 1270 1090 τίν
1281 999 1429 1092 poppp'r:
1456 1008 1597 1070 errarem

426 1110 513 1173 etiam
529 1109 560 1170 in
575 1127 622 1179 eo,
637 1106 719 1187 quiid
735 1107 795 1169 true
809 1115 923 1168 tanturn
938 1125 992 1166 eoo
1004 1105 1180 1168 eormenieae
1196 1107 1316 1187 putarit,
1333 1109 1383 1189 qui
1399 1109 1510 1173 iudices
1527 1131 1595 1174 ror·

426 1230 566 1293 rumpere
579 1219 769 1274 sanarentur.
791 1209 870 1272 noan
886 1219 1040 1290 propterea
1056 1207 1156 1290 ipsum
1172 1209 1241 1273 ittud
1253 1210 1444 1276 olimstrrium
1456 1232 1494 1277 ne
1506 1214 1598 1278 tuisse

426 1315 546 1396 quidem
571 1310 751 1377 credamus?
782 1311 853 1375 nini
876 1311 996 1391 pridem
1021 1329 1083 1374 non
1108 1312 1208 1376 minue
1228 1333 1350 1395 peecare
1369 1315 1520 1392 ridentur,
1545 1327 1596 1400 qui

427 1436 544 1498 parum,
559 1436 650 1500 quam
666 1416 717 1498 qut
732 1415 858 1478 nimium
873 1416 1007 1477 eredunt

513 1520 633 1584 Praeter
652 1519 740 1593 tmee,
760 1537 837 1600 quae
851 1538 869 1580 a
883 1517 1003 1580 Polluce
1023 1527 1248 1594 enumerantur,
1268 1520 1423 1584 dicasterin
1445 1523 1499 1587 alia
1519 1524 1596 1586 nulia

427 1623 551 1687 Athenio
568 1623 670 1694 inimo,
688 1622 731 1686 rei
746 1621 843 1704 ipsius
858 1621 945 1684 rerba
960 1640 1018 1684 noa
1033 1622 1153 1684 eredere
1171 1630 1277 1696 rotant,
1293 1641 1385 1706 quum
1401 1627 1473 1688 satis
1489 1625 1596 1688 diserte

428 1727 538 1790 indicet
550 1747 583 1786 ae
599 1727 720 1790 rrounisi
731 1725 768 1788 de
781 1724 978 1788 notdiioriirus
991 1723 1151 1787 dirturum.
1175 1725 1217 1788 Ex
1231 1725 1266 1788 iis
1278 1735 1386 1803 autern,
1401 1746 1476 1808 «puae
1488 1729 1597 1798 onrisit,

368 1840 406 1890 ta
428 1832 544 1894 nntium
557 1851 638 1901 eme,
658 1831 739 1912 qam
755 1830 943 1910 ignorantes,
964 1828 1042 1890 traud
1059 1829 1140 1890 tamir.
1155 1828 1312 1912 quiequam
1327 1830 1382 1892 sint
1398 1833 1596 1912 permade-init.

430 1935 501 1997 itiud
516 1935 619 2016 potina
639 1934 827 2008 rereriiderim,
846 1951 908 1996 nrm
924 1949 1017 2012 panea
1033 1951 1113 2006 esse,
1133 1950 1260 2014 quorum
1278 1934 1356 1996 untia
1368 1935 1470 1998 notitia
1487 1937 1523 1999 ad
1540 1955 1596 1998 noo

430 2039 602 2120 pmrrenerit.
639 2039 698 2100 Sed
726 2056 856 2120 «peronem
883 2037 962 2118 apud
989 2044 1099 2098 veteres
1126 2035 1245 2098 nomina
1265 2045 1395 2111 enatant,
1423 2039 1497 2101 iraee
1515 2048 1594 2102 rrrrrt.

431 2141 565 2204 Prinnna
579 2135 620 2202 vd
634 2133 770 2216 Καονόν,
784 2141 865 2222 apud
878 2139 1030 2222 drietopir.
1047 2125 1134 2220 t'esp.
1151 2158 1178 2202 r.
1200 2139 1273 2202 120:

633 2278 652 2290 -
667 2279 684 2290 -
703 2233 855 2320 ἐδίκαζεν
871 2234 920 2318 είς
932 2237 972 2304 τὸ
987 2237 1115 2305 neren
1128 2233 1292 2322 ἐμπεσών.

433 2346 528 2408 Ροπο
549 2345 678 2417 Odeum,
704 2345 782 2426 apud
807 2346 933 2408 eundern
959 2345 1091 2408 eiusdem
1117 2344 1229 2408 iaiauiae
1249 2363 1276 2408 r.
1301 2345 1391 2408 1104.
1418 2344 1514 2422 (1109
1536 2345 1597 2420 Bt.)

432 2451 528 2529 dtque
546 2448 634 2511 truius
653 2449 740 2511 etiam
757 2449 974 2512 Demosthenes
988 2447 1136 2522 meminit,
1158 2447 1219 2510 sire
1234 2448 1300 2531 quis
1316 2447 1391 2511 atius
1406 2466 1461 2530 pro
1477 2457 1598 2511 auctore

432 2551 577 2614 errationis
593 2551 622 2614 ia
637 2551 778 2614 Neaeram
794 2550 950 2614 trahendus
965 2559 1018 2626 est,
1034 2571 1062 2632 p.
1083 2551 1172 2626 1362,
1187 2551 1216 2612 et
1230 2547 1291 2627 τὰς
1305 2543 1399 2615 σίτου
1415 2543 1519 2626 δίκας,
1536 2550 1597 2612 sire

432 2655 496 2717 iiten
517 2656 554 2718 de
572 2654 719 2717 alimentis
738 2654 907 2736 repudiatae
925 2653 1013 2717 uxrrri
1028 2675 1044 2717 a
1059 2652 1165 2718 marito
1181 2664 1233 2717 aut
1247 2653 1351 2716 riduae
1366 2673 1383 2718 e
1398 2653 1495 2718 mariti
1511 2653 1597 2715 here·

433 2759 521 2822 dibus
536 2757 715 2841 praebendis
735 2757 775 2820 int
790 2757 942 2821 diiudicari
959 2757 1128 2839 oportuisse
1143 2758 1244 2832 deret,
1265 2757 1294 2820 id
1310 2758 1391 2840 quod
1406 2755 1509 2820 Potina·
1526 2755 1597 2828 vin,

433 2863 491 2937 3³,
509 2863 616 2946 aiiirpre
636 2861 825 2926 Grarrrmatiei
845 2861 979 2924 certatim
999 2871 1151 2944 repetunt,
1171 2881 1248 2944 quos
1268 2881 1373 2924 omnes
1394 2859 1511 2922 laudare
1526 2859 1598 2922 nitril

433 2966 551 3043 attinet,
576 2984 636 3030 non
660 2964 756 3046 magis
775 2983 866 3048 qrrnrn
885 2964 1060 3028 eotrotiasme
1080 2964 1157 3029 iitiuu
1185 2965 1329 3029 inscitiam
1354 2963 1523 3045 explodere,
1548 2961 1597 3046 qui

433 3072 489 3150 (ad
504 3070 656 3153 Aristopln
672 3071 691 3134 1.
706 3070 744 3148 i.)
764 3088 843 3133 rinus
863 3070 999 3132 omnium
1021 3089 1082 3132 rem
1103 3069 1298 3134 certissimam
1314 3069 1431 3151 ignorat
1445 3076 1475 3130 et
1489 3067 1598 3150 hyper-

432 3175 531 3238 iaotanr
548 3174 769 3255 trigidissinmm
785 3173 977 3256 nrisrepnani
992 3174 1113 3254 attingit.

518 3277 773 3349 Etiamdrdettne,
789 3277 826 3339 de
840 3297 901 3358 ouo
917 3297 1008 3359 snpra
1021 3277 1131 3358 (arpii.
1143 3275 1253 3339 dictum
1269 3284 1325 3349 est,
1341 3274 1527 3338 dirasterium
1544 3293 1597 3334 ro-

432 3390 516 3444 ratur
540 3402 557 3444 a
584 3380 703 3444 uantum
729 3380 800 3451 tna,
831 3380 905 3443 122:
933 3371 1062 3462 ‹ir‘prror
1081 3374 1119 3444 δὲ
1137 3373 1172 3444 ίυ
1195 3371 1363 3466 >indifferent
1383 3369 1595 3464 δικαστηρίῳ.

431 3483 490 3547 Sed
508 3504 600 3566 «parum
617 3483 719 3566 reliqui
735 3503 840 3547 «artarier
855 3484 1059 3558 Grarrrrnatiei,
1080 3492 1227 3567 quotquot
1243 3483 1331 3548 iruina
1345 3483 1402 3547 nei
1418 3483 1597 3546 mentionem

433 3588 551 3660 sariunt,
566 3587 604 3650 de
618 3586 734 3652 iudiciis
750 3587 790 3650 ibi
805 3587 912 3651 iratritis
929 3597 1054 3660 taoeant,
1070 3590 1186 3670 iapmm
1202 3608 1269 3651 enee
1284 3587 1432 3652 l'oiinrem
1449 3585 1597 3649 treunam·

433 3690 549 3754 iudirat.
582 3692 724 3772 Equidem
744 3709 808 3754 rena
829 3692 859 3755 in
880 3691 976 3754 irratio
997 3691 1162 3772 relinquere
1178 3693 1270 3765 maio,
1292 3710 1380 3772 mrem
1396 3709 1463 3752 eum
1479 3689 1597 3753 iiuimio

433 3793 538 3868 tepere:
560 3783 687 3873 uipereor
700 3785 769 3858 d'e’r
781 3785 873 3877 Ἅρδ.
890 3786 1102 3880 δικαστήρια,
1119 3795 1198 3876 quud
1214 3812 1251 3858 ne
1262 3813 1397 3874 graecum
1408 3792 1529 3874 quidem
1542 3801 1596 3856 est.

434 3891 562 3956 tutona
575 3895 677 3958 mitem
691 3890 735 3957 rei
750 3889 951 3981 δικαστήρια
965 3896 1065 3959 scribi.

517 3995 583 4057 nuo
601 3997 656 4059 alia
675 3997 830 4060 diraeteria
849 3999 1015 4062 Pausaniae
1034 3999 1182 4072 nominat,
1203 3995 1411 4082 Βατραχνοῦν
1429 4011 1458 4063 et
1477 4005 1596 4066 Φοινι-

433 4091 528 4158 κνοῖν
551 4099 687 4162 necatore
708 4098 797 4174 dieta,
822 4101 847 4173 i,
866 4121 893 4164 r.
914 4099 965 4164 28.
999 4101 1058 4164 Sed
1077 4112 1124 4163 eet
1142 4102 1191 4165 irie
1210 4101 1294 4164 ioeue
1313 4102 1410 4182 pardo
1430 4103 1596 4172 obscurior.

378 4210 413 4259 tt
434 4198 627 4276 urrarnoinem
653 4210 748 4264 totum
774 4201 1003 4266 mineribendum
1027 4203 1111 4266 ituri:
1149 4198 1216 4267 Τὸν
1236 4197 1297 4284 μίν
1322 4189 1598 4290 οὖνκαλοίμενον

432 4291 656 4382 Παράβυσιον
673 4296 732 4366 καί
753 4295 920 4386 Τρίγωνον
940 4303 1013 4386 (leg.
1033 4301 1073 4370 τὸ
1087 4341 1130 4354 -
1144 4300 1295 4387 aetate,
1319 4308 1399 4388 quod
1419 4306 1531 4370 dietum
1550 4319 1596 4370 est

434 4420 490 4482 pro
504 4396 547 4465 τὰ
560 4397 707 4486 natante,
721 4424 783 4469 non
798 4407 862 4470 eine
875 4411 1023 4492 exemplu)
1038 4403 1078 4473 τὰ
1092 4403 1154 4492 μὲν
1167 4403 1203 4474 ἐν
1217 4402 1340 4498 ἀφανεῖ
1353 4400 1541 4487 πόλεωςίίν,
1553 4446 1596 4458 -

433 4499 474 4569 τὸ
493 4498 532 4568 δὲ
549 4495 622 4604 rimi
640 4503 700 4572 τοῦ
718 4504 886 4596 σχήματος
903 4503 973 4592 ἔχει
991 4507 1035 4577 rei
1055 4504 1210 4596 deripere.
1251 4508 1462 4598 Βατραχιοῦν
1480 4507 1518 4577 δὲ
1536 4509 1593 4577 καί

433 4603 632 4672 Φοινικιοῖν
651 4599 722 4673 ciani
740 4606 930 4697 κρουμάτων.
964 4616 1082 4698 daniaigi
1102 4615 1213 4698 possit,
1235 4633 1307 4678 num
1328 4635 1404 4698 quae
1421 4617 1595 4680 dieebantur

432 4709 626 4793 Paratrpatum
644 4723 674 4775 et
686 4713 865 4796 Trigonum,
888 4721 991 4784 endem
1011 4721 1099 4784 etiam
1122 4719 1331 4807 Βατραχιοῦν
1349 4729 1379 4784 et
1398 4715 1594 4783 Φουνικιοῦν
