3792 5609
951 683 1013 750 snt

405 899 494 964 quarn
515 887 615 944 nutem
628 878 757 944 Graecos
778 877 861 960 ipsos
881 877 918 942 sle
932 877 980 943 leis
995 878 1120 941 deorum
1135 875 1306 942 nominibus
1323 876 1366 942 vel
1381 875 1568 959 cognomini·

405 986 462 1049 bus
482 1003 599 1047 errasse
613 992 642 1046 et
656 981 732 1045 inter
746 1001 779 1046 se
794 981 975 1046 dissensisse
987 981 1137 1058 videmus,
1151 981 1238 1046 veluti
1252 1000 1344 1064 quum
1359 982 1433 1044 deus
1448 981 1569 1063 quidem

409 1080 603 1171 Ἀρισταῖος
620 1086 825 1168 appellaretur,¹
845 1085 905 1149 hoe
922 1085 970 1150 olii
984 1085 1076 1159 lovis,
1096 1084 1144 1146 olii
1158 1085 1303 1166 Apollinis
1322 1102 1488 1166 cognomen
1502 1102 1570 1147 esse

406 1190 604 1266 crediderunt,
619 1188 666 1251 elii
681 1188 836 1269 proprium
851 1207 960 1252 nornen
976 1189 1022 1252 dei
1037 1189 1075 1252 sl
1089 1188 1224 1270 Apolline
1238 1187 1375 1269 generati.
1408 1187 1570 1251 losoeabo·

408 1303 456 1356 tur
471 1293 575 1356 alieubi
590 1293 664 1354 ‹leus
674 1282 871 1377 leodelene:
885 1292 966 1356 inune
980 1292 1027 1356 olii
1038 1292 1212 1373 Dionysum,
1226 1291 1274 1354 olii
1285 1292 1462 1354 doemonem
1473 1309 1571 1372 quen·

407 1397 475 1460 elem
495 1395 675 1477 interpretati
691 1404 761 1458 sunt
775 1395 807 1457 in
820 1393 940 1477 llionpsi
956 1395 1120 1460 comitetu⁴
1131 1400 1172 1475 ³).
1209 1395 1364 1458 Cretemes
1380 1386 1572 1478 Βριτόμαρ-

406 1519 461 1564 τιν
474 1499 623 1582 quendem
637 1498 814 1575 odorabunt,
833 1498 864 1562 h.
875 1519 900 1563 e.
918 1509 950 1563 ut
963 1500 1084 1563 Solinus
1098 1498 1139 1562 nit
1152 1518 1216 1581 esp.
1230 1499 1285 1574 18,
1300 1497 1374 1562 nihil
1389 1497 1468 1562 eliud
1483 1517 1572 1580 quarn

408 1603 547 1668 dulcem
563 1601 746 1683 uirginem.
769 1603 851 1668 lloee
865 1602 959 1667 duleis
973 1603 1057 1686 virgo
1072 1603 1220 1686 plerisque
1230 1602 1323 1666 iliona
1337 1602 1398 1666 viso
1412 1609 1466 1677 est,
1480 1619 1572 1683 quum

409 1707 455 1770 elii
481 1705 643 1790 nprnplroru
669 1727 736 1770 esse
756 1708 877 1770 molent
893 1707 1003 1771 Ilionae
1022 1708 1172 1771 comitem.
1215 1706 1369 1770 llolebunt
1387 1707 1466 1769 leonii
1485 1705 1575 1768 dubie

410 1811 528 1893 utrique
547 1810 628 1892 quoti
646 1821 851 1892 sequerentur,
869 1811 951 1874 elteri
970 1810 1190 1875 similitudinem
1205 1811 1352 1892 quendem
1367 1810 1525 1874 numinum
1539 1827 1575 1872 ee

413 2019 515 2102 grinos
540 2017 613 2081 deos
639 2027 669 2082 et
690 2017 832 2082 borlrnros
851 2027 974 2102 propter
991 2018 1157 2082 medioeres
1176 2037 1264 2101 saepo
1282 2017 1488 2081 similitudines
1506 2035 1575 2080 euro

414 2123 477 2186 suis
503 2122 685 2186 eonlunslere
710 2123 788 2186 soliti
810 2122 884 2197 sint,
910 2121 1022 2186 nemini
1041 2121 1175 2203 ignotum
1195 2130 1251 2186 est.
1295 2121 1346 2186 Sio
1363 2123 1575 2204 Aegyptiorum

414 2227 589 2289 nunnonern
605 2243 661 2306 pro
675 2225 755 2302 lose,
774 2227 919 2289 llutonem
934 2244 990 2308 pro
1004 2225 1130 2299 letone,
1150 2226 1264 2289 llorurn
1278 2243 1335 2306 pro
1349 2225 1499 2306 Apolline,
1514 2225 1576 2287 llu-

415 2328 512 2392 lonstin
531 2347 587 2409 pro
602 2326 692 2390 Dione
707 2327 890 2402 lrnbnernnt,
912 2329 1103 2410 Assyriorum
1119 2328 1220 2391 llelunr
1235 2337 1286 2391 out
1299 2327 1360 2391 lovi
1374 2337 1425 2392 out
1439 2329 1577 2404 Saturno,

414 2431 553 2514 llplittour
569 2430 686 2506 Veneri,
705 2431 859 2495 lleslorunt
877 2431 997 2494 Annitin
1017 2429 1140 2506 Ilioneo,
1158 2431 1315 2513 l‘ltrpgienr
1330 2429 1456 2512 Cybelen
1472 2431 1578 2505 liltore,

414 2535 494 2598 nstin
509 2533 655 2615 Dionyso,
673 2534 822 2598 Threcum
837 2533 952 2597 lientlin
966 2533 1086 2605 Durine,
1106 2536 1213 2597 &rum
1227 2534 1411 2597 lrnbrnrnuns
1424 2532 1578 2608 lleruurio,

415 2637 545 2701 Aeolum
570 2637 697 2718 denique
724 2637 797 2700 ileos
817 2635 902 2700 ntitas
918 2644 948 2699 et
966 2637 1067 2700 Urotnl
1081 2636 1187 2700 Veneri
1205 2646 1235 2700 et
1253 2636 1384 2719 Dionyso
1406 2636 1578 2719 nerpuipara·

354 2777 357 2780 -
414 2749 494 2802 runt.
526 2739 629 2822 Neque
647 2739 676 2802 io
695 2740 769 2803 etieo
788 2739 897 2803 ntirunr
910 2739 1003 2802 videri
1016 2749 1128 2822 potest,
1147 2738 1172 2804 si
1188 2740 1255 2821 quis
1270 2739 1444 2821 religionum
1459 2758 1577 2821 gruere-

414 2861 482 2906 rurn
501 2851 637 2906 noturorn
655 2851 743 2925 rupee
762 2841 890 2906 intlolonr
911 2863 977 2906 enm
996 2843 1088 2907 luisse
1104 2851 1234 2925 reputet,
1253 2852 1286 2906 ut
1299 2843 1439 2906 notiones
1452 2844 1578 2906 deorum

415 2965 521 3010 onrnes
537 2964 680 3028 perquem
695 2945 875 3020 indefinitus,
889 2947 1027 3021 incertus,
1041 2945 1195 3010 variabiles
1210 2946 1360 3023 heberent,
1373 2946 1405 3010 iu
1419 2947 1499 3010 nulle
1514 2964 1579 3010 oer-

416 3058 461 3110 toe
476 3047 627 3112 electrinos
640 3048 781 3122 turmula,
796 3048 893 3129 qualis
906 3049 1032 3112 existere
1045 3051 1125 3131 opud
1139 3070 1192 3113 eos
1208 3056 1323 3114 tentum
1338 3058 1451 3131 potest,
1467 3049 1516 3131 qui
1531 3067 1580 3112 re·

415 3152 569 3216 relationis
589 3151 703 3215 divinoe
721 3151 863 3215 beneficio
883 3151 981 3216 eeloeti
1000 3162 1072 3216 suut
1090 3163 1141 3216 sut
1159 3152 1255 3216 esloeti
1274 3173 1341 3217 esse
1360 3153 1416 3216 sibi
1436 3153 1580 3216 vitientur.

416 3256 502 3339 Aptuil
517 3256 645 3320 Graecos
664 3264 762 3319 sutem
782 3254 925 3337 quidquid
946 3255 984 3320 ‹le
1002 3255 1059 3319 eliis
1078 3255 1228 3339 rebusque
1242 3255 1349 3320 divinis
1365 3257 1516 3339 opinionis
1530 3264 1583 3320 eut

416 3359 621 3443 persuasionis
641 3369 719 3435 eret,
739 3357 770 3423 id
790 3379 880 3423 ornne
899 3376 962 3423 nou
981 3379 1017 3422 ex
1035 3359 1093 3423 elio
1108 3360 1190 3424 lente
1205 3379 1294 3441 quom
1309 3379 1345 3423 ex
1358 3360 1514 3424 hominum
1529 3378 1583 3425 su·

397 3517 401 3528 .
417 3462 552 3546 spieions
566 3472 596 3526 et
610 3463 779 3528 coniectura
794 3464 928 3538 floreret,
943 3482 1020 3546 quoe
1033 3463 1153 3544 quidem
1168 3462 1199 3525 in
1210 3462 1299 3527 relrn
1310 3463 1494 3541 huiusmodi,
1509 3482 1583 3545 qus·

418 3584 485 3630 rurn
505 3575 584 3630 certo
602 3566 731 3648 cognitio
754 3576 784 3631 et
802 3565 925 3630 seientia
940 3584 1031 3649 supra
1045 3567 1210 3630 homonum
1225 3575 1418 3649 captumst,
1437 3585 1500 3630 nou
1513 3575 1584 3649 pot-

365 3673 401 3728 20
421 3678 485 3734 eret
503 3687 564 3733 non
583 3671 708 3748 lubrico,
733 3669 891 3748 instabilis,
916 3670 1105 3734 somniorum
1127 3668 1232 3736 sirrrilis
1251 3689 1332 3744 esse,
1357 3677 1392 3732 ut
1410 3669 1489 3734 oliuu
1509 3670 1590 3746 aliis,-

421 3791 518 3854 nequo
542 3772 620 3837 ntem
645 3775 754 3840 iisdem
779 3772 862 3838 omni
884 3781 1019 3856 tempore
1040 3793 1143 3838 serum
1166 3772 1321 3849 videretur,
1346 3774 1484 3856 nulloque
1505 3781 1587 3838 esset

423 3875 555 3940 omnium
571 3877 602 3940 in
616 3879 739 3942 eundern
755 3875 933 3943 sententium
948 3880 1034 3942 llrme
1048 3887 1079 3941 et
1093 3885 1236 3941 constans
1248 3877 1408 3941 consensio
1419 3884 1430 3923 ⁴
1441 3879 1482 3958 ο).
1505 3877 1586 3942 Con·

424 3977 519 4042 stellet
537 3979 596 4043 lroe
609 3997 718 4058 unum,
737 4001 805 4046 esss
819 3983 969 4064 omniurn
983 3980 1043 4044 sior
1057 3988 1088 4044 et
1100 3989 1236 4044 nemum
1250 3979 1395 4056 divinam,
1413 3999 1472 4061 quo
1486 3981 1587 4046 omnis

426 4161 725 4177 ...ιη’-*-

494 4286 537 4352 45)
554 4285 683 4343 Plutarch.
699 4291 731 4344 tls
747 4288 772 4344 sl
787 4305 828 4359 sp.
841 4289 930 4360 Delplr.
948 4290 1006 4346 el.
1033 4289 1155 4359 llos-poor.
1169 4306 1192 4343 s.
1204 4305 1231 4343 ν.
1240 4315 1277 4330 ·-
1287 4289 1339 4342 Sol
1350 4291 1426 4344 etis·
1438 4291 1513 4345 Pluto
1525 4291 1589 4345 loo-

427 4365 526 4437 ‹iulrnt'
539 4371 619 4426 luisse
634 4373 739 4440 elicitur,
755 4384 800 4429 sut
814 4377 891 4431 stione
908 4377 963 4431 Sol.
997 4375 1036 4430 Cl'.
1048 4375 1159 4446 llospelt.
1171 4390 1193 4429 s.
1204 4391 1231 4429 ν.
1242 4391 1266 4428 e.
1278 4375 1420 4428 Ileates-l.
1430 4383 1516 4430 mot.
1528 4393 1552 4432 s.
1564 4393 1589 4432 v.

427 4455 492 4508 tirel
502 4456 613 4516 ξενικοί.
637 4459 701 4512 Lex.
713 4460 778 4514 rhet
792 4461 883 4529 plui.

497 4539 539 4606 lti)
557 4541 727 4610 [κινῆσαι
744 4554 804 4599 sust
815 4562 879 4615 qnos
890 4545 1019 4600 Arnobiur
1029 4547 1089 4601 sels.
1101 4553 1171 4614 sest.
1183 4545 1249 4600 ute·
1260 4544 1294 4600 ΙΙΙ
1303 4547 1336 4599 ts
1347 4546 1490 4600 “nutiles
1502 4554 1531 4600 st
1541 4563 1588 4600 vo·

428 4625 468 4693 tis
484 4634 561 4696 atqu
575 4627 685 4684 dissenis
701 4629 831 4696 restillet
846 4631 1006 4702 opinionibus
1022 4634 1092 4687 elren
1105 4633 1169 4686 usos
1179 4647 1242 4686 suos
1251 4632 1379 4703 usp-tn,
1394 4632 1468 4703 lupe.
1479 4633 1538 4686 sl.
1549 4631 1589 4685 18.
