3792 5609
853 749 916 816 unt

305 939 414 1024 frigore
434 939 623 1006 constrictam
644 940 765 1018 molliri,
784 941 926 1008 humores
946 945 1057 1010 nimios
1075 956 1104 1010 et
1122 946 1243 1023 noxios,
1261 944 1397 1013 bilseruis
1413 948 1471 1014 im·

306 1045 409 1110 loribus
423 1057 453 1110 et
466 1065 610 1130 equorum
625 1045 872 1112 exundationibus
887 1049 1013 1126 ellusos,
1031 1051 1152 1136 reprinn
1166 1063 1196 1116 et
1209 1055 1354 1128 roeroeri,
1368 1055 1473 1118 tontes

306 1169 340 1214 oe
359 1149 452 1229 rivos,
475 1151 590 1217 ntrulioo
610 1151 717 1218 rueris
735 1153 946 1237 terrrperotiooe
964 1154 1107 1232 sslsuixte,
1126 1157 1290 1222 nutriendis
1309 1177 1346 1222 se
1363 1155 1476 1223 loetiti-

304 1255 406 1320 eondis
425 1255 569 1341 stirpibus
590 1256 738 1322 salubrem
757 1257 900 1340 liquorom
921 1260 1075 1342 praetere,
1095 1281 1176 1325 mom
1189 1262 1332 1346 «leniorne,
1354 1257 1477 1327 soteris

305 1379 364 1422 uno
380 1379 447 1424 ourn
463 1361 559 1425 hieme
574 1361 808 1444 tempooontus,
824 1361 1013 1444 tranquillum
1029 1375 1289 1449 opportunumque
1303 1363 1478 1448 naviganti·

306 1463 363 1527 ltus
378 1464 439 1528 lteri
455 1465 599 1528 sinemus.
621 1463 725 1546 Neque
739 1483 808 1526 roro
823 1463 900 1526 lune
913 1463 987 1528 lueis
1000 1475 1030 1528 et
1044 1466 1150 1530 eoloris
1161 1469 1219 1531 rim
1231 1470 1336 1551 Apollo
1351 1469 1383 1533 iu
1399 1485 1479 1534 eor·

305 1567 404 1647 porois
423 1576 537 1632 tentum
558 1567 648 1632 rebus
662 1576 790 1640 exeroet,
810 1567 862 1629 setl
877 1565 913 1631 ml
929 1555 1044 1631 mentes
1058 1589 1177 1652 qnoque
1190 1581 1220 1633 et
1233 1572 1352 1636 suioros
1366 1573 1478 1636 bortri-

304 1688 376 1734 nunt
398 1672 545 1736 ttnnslert
578 1671 650 1736 Eius
670 1671 800 1735 numinis
820 1669 962 1734 benetieio
981 1675 1079 1735 leesor
1093 1674 1213 1755 quitiam
1228 1675 1399 1739 annnorum
1416 1679 1475 1740 tle·

303 1773 399 1847 betur,
419 1793 479 1856 quo
500 1775 641 1838 eomosoti
657 1773 809 1847 borniues,
828 1773 952 1836 obiectis
966 1775 1047 1838 orris
1060 1784 1091 1838 et
1104 1777 1260 1853 molestiis,
1277 1777 1364 1842 bituri
1379 1789 1464 1843 mutu

305 1899 336 1938 se
356 1878 515 1954 obiectorum
536 1877 561 1942 is
575 1877 664 1954 «tous,
684 1887 719 1942 ut
732 1877 797 1960 ipse
812 1895 905 1959 purus
920 1887 965 1940 est
980 1887 1010 1940 et
1024 1879 1167 1943 modiolus
1182 1881 1322 1963 ottonique
1337 1879 1459 1945 lomlitoti

306 1981 446 2054 iulostus,
462 1980 507 2045 sio
521 1981 609 2046 etiem
625 1979 797 2045 bominibus
813 1979 971 2061 puritatem
987 2000 1086 2044 eorem
1102 1983 1184 2055 lesit,
1198 2001 1352 2065 quumqne
1366 2003 1458 2048 mam·

305 2086 347 2147 los
367 2095 557 2168 potentorum
573 2093 603 2148 et
616 2085 758 2148 sederem
774 2091 999 2156 eontrosernnt,
1019 2084 1073 2146 bos
1088 2084 1248 2147 abluendos
1262 2095 1293 2147 et
1306 2087 1459 2169 expiomlas

304 2207 370 2250 esse
386 2197 503 2262 monet3
518 2187 544 2250 is
559 2187 695 2271 denique,
711 2197 745 2250 ut
760 2185 830 2250 nibil
846 2185 902 2268 ipsi
917 2185 1079 2248 obscurum
1095 2196 1152 2260 est,
1167 2187 1313 2251 nicetium
1328 2190 1460 2252 humanis

306 2292 454 2354 terentibus
467 2289 562 2352 lucem
579 2290 725 2371 qttontlmn
741 2289 873 2370 impertit
883 2295 895 2332 ⁴
905 2291 946 2366 ⁹),
961 2297 994 2350 ut
1008 2299 1088 2351 vetes
1103 2289 1166 2352 beri
1181 2299 1212 2352 et
1225 2309 1302 2372 quoe
1316 2293 1421 2355 ceteris
1433 2292 1461 2353 in

305 2395 434 2458 obscuro
461 2393 549 2456 lotent
568 2391 665 2456 sistere
687 2402 717 2455 et
735 2391 815 2454 ellori
836 2390 963 2473 possint.
1007 2391 1139 2473 Longius
1159 2393 1232 2456 lmee
1249 2403 1279 2455 et
1298 2395 1461 2474 singulatim

305 2496 403 2561 omnio
418 2494 554 2579 persequi
570 2511 633 2558 non
647 2511 725 2576 opus
740 2502 800 2568 est3
819 2512 890 2556 nom
906 2493 979 2555 sotis
994 2493 1052 2556 ism
1067 2513 1209 2576 oppsrere
1223 2495 1364 2571 arbitror,
1379 2514 1463 2580 quom

305 2601 360 2663 luto
379 2607 484 2682 potem
503 2615 650 2680 quomque
669 2595 823 2678 multiplici
842 2605 988 2678 potestate
1006 2597 1172 2679 proselitum
1192 2599 1336 2679 Apollinis
1355 2615 1461 2663 numen

305 2705 399 2766 luerit
433 2701 492 2765 Seri
512 2700 542 2764 in
561 2700 618 2764 boe
636 2707 718 2764 tento
738 2699 870 2763 numinis
890 2699 1083 2782 surplitusline
1103 2709 1133 2762 et
1150 2701 1303 2782 multiplici
1323 2712 1463 2783 potestate

303 2826 366 2871 non
386 2807 495 2870 mirum
514 2814 561 2868 est
578 2822 634 2867 nee
649 2805 802 2866 notionem
818 2802 864 2866 ‹lei
880 2803 960 2884 opero
975 2820 1080 2866 omues
1094 2823 1160 2866 emo
1175 2805 1282 2879 tuisse,
1301 2825 1378 2887 quoe
1392 2806 1463 2868 bone

304 2911 436 2974 numinis
455 2907 678 2990 amplitudinem
698 2906 784 2989 plone
803 2914 944 2986 sequeret
963 2924 1127 2990 omnesque
1145 2907 1209 2970 eius
1224 2916 1386 2987 potestates
1400 2927 1461 2970 om·

305 3015 488 3096 plecteretur,
502 3011 650 3076 ethorum
666 3016 845 3093 potestatum
861 3026 923 3071 uon
938 3027 1049 3090 pennos
1064 3009 1151 3072 etism
1165 3008 1230 3072 ollis
1241 3029 1329 3092 quam
1340 3009 1462 3095 Apollini

305 3119 368 3181 eleis
387 3117 540 3183 ottribulos
560 3133 636 3178 esse.
670 3111 787 3176 Nomen
802 3111 944 3194 Apollinis
962 3112 1043 3174 unsle
1061 3109 1182 3175 «luctum
1203 3113 1289 3177 silet
1307 3133 1460 3195 quaotnsm

304 3223 350 3287 Aoi
370 3223 522 3287 notionem
543 3218 702 3301 exprimet,
722 3215 939 3297 incompertum
959 3223 1019 3288 est,
1037 3232 1093 3278 nee
1106 3215 1277 3290 uetuerunt,
1294 3217 1347 3297 qui
1359 3217 1389 3279 tn
1404 3235 1461 3279 oon

304 3346 441 3408 graecum
461 3324 513 3388 sed
532 3321 689 3386 borborum
710 3338 779 3381 esse
799 3316 968 3389 crederent,
995 3315 1043 3379 olii
1062 3317 1345 3396 soosmitieunr³⁰l,
1364 3319 1412 3382 olii
1429 3337 1462 3380 ex

226 3493 228 3498 .
305 3431 487 3494 Phoenicum
501 3433 553 3488 out
567 3419 796 3504 Babyloniorum
811 3437 951 3482 somnone
965 3431 1139 3502 corruptum
1149 3427 1163 3465 ³
1173 3426 1217 3498 ¹),
1240 3421 1259 3485 ii
1274 3421 1398 3495 scilieet,
1416 3421 1462 3503 qui
1478 3424 1508 3482 tl

303 3533 459 3616 religiones
474 3530 669 3602 Greecemm,
684 3523 711 3588 si
726 3524 826 3588 minus
842 3541 958 3598 omnes,
972 3533 1003 3586 ot
1016 3524 1172 3606 potensque
1186 3523 1290 3587 soltem
1303 3544 1339 3586 ex
1355 3525 1464 3588 oriente

303 3646 434 3720 repetere
452 3641 560 3698 omont.
594 3629 708 3712 Nempe
727 3625 911 3691 orientolium
932 3628 1113 3708 populorum
1127 3626 1284 3709 religiones
1298 3625 1463 3691 vetustissi·
1580 3624 1582 3628 ’

303 3761 382 3816 none,
402 3757 462 3824 quo
480 3736 580 3800 minus
601 3739 736 3798 ooeurnte
754 3739 841 3793 noune
856 3739 994 3812 certoque
1006 3739 1161 3793 eremorum
1177 3731 1235 3793 isole
1250 3729 1372 3795 trsslitoe
1387 3740 1463 3804 sunt,

304 3855 385 3910 tonto
400 3841 569 3908 liberiorem
585 3834 747 3918 ingeniosis
762 3833 933 3898 bominibus
945 3833 1128 3897 oonioetonsli
1140 3834 1304 3898 leeultotem
1315 3835 1463 3917 prosim

304 3969 360 4032 quo
375 3946 508 4013 tooututo
522 3943 567 4008 sie
580 3941 622 4005 uti
638 3941 747 4013 solent,
762 3949 795 4002 ut
810 3937 927 4020 ignotos
942 3956 1114 4019 graecorum
1128 3936 1305 4018 religionum
1320 3957 1424 4001 osnsm
1436 3947 1465 4000 et
1572 4004 1575 4012 ,
1663 4000 1666 4015 ,

305 4050 434 4133 origines
449 4066 484 4110 ex
499 4043 684 4109 orientolium
699 4041 891 4122 religionibus
904 4039 998 4104 nihilo
1012 4039 1190 4115 notioribus,
1205 4041 1258 4102 sesl
1273 4058 1400 4122 qnorum
1409 4037 1464 4121 ipsi

303 4153 433 4236 speeiem
452 4147 577 4214 oonsilio
597 4165 653 4210 suo
673 4153 770 4227 optem
791 4141 951 4206 commenti
971 4143 1046 4218 sint,
1066 4140 1212 4222 explicere
1232 4153 1388 4207 oonentur.
1428 4141 1467 4206 Et

302 4276 399 4342 nuper
422 4253 584 4320 otlmmlutn
603 4246 767 4334 Apollinem
787 4265 803 4308 o
822 4245 887 4308 otro
909 4244 1040 4327 quodem
1057 4245 1147 4308 noeto
1166 4253 1199 4308 et
1217 4244 1330 4310 sollerti
1347 4243 1465 4310 ‹lisertit

370 4531 414 4597 ttt)
435 4527 503 4588 ests
513 4524 544 4582 ἐν
556 4525 590 4600 τῇ
604 4522 682 4598 W&
694 4515 768 4596 septis
779 4515 934 4592 repelles,
947 4518 1028 4588 inquit
1039 4517 1170 4574 Plutnreb.
1181 4521 1214 4574 tle
1225 4519 1300 4593 eyes.
1311 4537 1350 4576 er.
1362 4521 1417 4577 ei.

371 4619 413 4685 tut)
432 4615 525 4683 tttutg,
538 4612 659 4682 Umeneb.
672 4627 697 4666 ι.
711 4607 817 4679 ttpnot.
828 4606 876 4658 tier
885 4603 1008 4659 Pbilieter
1018 4605 1107 4674 putt.

371 4705 415 4773 ot)
433 4701 535 4770 Amne,
553 4697 681 4772 Atyn-tm
698 4695 775 4768 per.
791 4692 905 4760 stelles,
921 4687 1034 4745 linones
1049 4691 1233 4764 pLxxxtx,
1249 4713 1282 4752 η
1294 4698 1328 4752 g.
1338 4695 1465 4752 cmm

302 4787 669 4864 eloquor-onustus.
