3792 5609
322 977 507 1060 coaegregatis
519 976 737 1041 Lacedaemone
751 978 901 1042 soeiernrn
915 977 1018 1059 legatis
1032 978 1070 1042 ad
1084 977 1305 1042 deliberandum
1319 975 1358 1039 ele.
1369 976 1485 1040 inimiis

320 1079 543 1144 Atheniensium
564 1080 745 1145 vindicandis
765 1081 986 1146 laeedaemnnii
1006 1083 1145 1146 dicuntur
1163 1075 1320 1164 ξίλλογον
1334 1074 1391 1144 τὸν
1406 1072 1484 1144 sito-

319 1175 411 1248 θότα
430 1182 581 1256 hahuisse,
608 1203 684 1266 equae
704 1184 789 1248 rerha
808 1185 893 1250 aliam
914 1187 1048 1268 protecto
1068 1205 1158 1268 qnam
1178 1185 1385 1266 Xenophontis
1403 1185 1484 1247 illam

319 1281 378 1372 την
391 1282 514 1372 μικρὰν
528 1281 727 1374 καλοιμίνην
742 1281 916 1374 ἐκκλησίαν
931 1290 1047 1371 intelligi
1062 1287 1226 1372 postulant.
1245 1307 1350 1370 qnam,
1364 1298 1396 1349 m
1411 1287 1483 1358 dixi,

319 1389 580 1452 extraordinariam
601 1389 692 1454 luisse
711 1410 771 1454 non
793 1402 890 1474 potest
909 1393 1047 1457 duleitari.
1088 1394 1147 1456 nes
1168 1403 1265 1455 tannen
1285 1391 1314 1454 in
1335 1391 1394 1454 laec
1408 1409 1483 1453 mn·

320 1501 407 1557 ventu
428 1501 549 1557 tractata
570 1495 686 1574 generis
706 1504 749 1556 est
770 1495 919 1568 eiusdem
940 1499 977 1560 de
991 1516 1051 1578 qno
1067 1495 1145 1578 apud
1161 1494 1389 1576 Xenophontem
1404 1488 1484 1570 τοῦς

319 1589 507 1683 ἐκκλήτους,
536 1597 675 1660 admissis
697 1597 786 1660 etiam
815 1609 982 1662 exterorum
1005 1599 1121 1680 legatis,
1145 1599 1313 1662 consultare
1338 1598 1482 1660 ridemus.

320 1700 421 1782 Neque
436 1719 504 1764 rere
520 1701 600 1783 quod
617 1689 768 1786 ἔκκλητοι
784 1697 850 1762 τῶν
864 1694 1148 1782 Λακεδαιμονίων
1163 1711 1319 1775 sonaretur,
1340 1701 1413 1763 haee
1426 1721 1483 1782 ap-

320 1804 435 1885 pellatio
456 1803 601 1867 eiusmodi
617 1811 676 1873 est.
698 1810 730 1865 ut
749 1802 884 1866 selectam
901 1804 1028 1886 aliquam
1043 1805 1149 1867 eiriunr
1165 1815 1278 1887 partem
1295 1803 1413 1883 intelligi
1429 1823 1482 1866 ne·

320 1927 402 1970 cesse
412 1908 459 1974 sit.
471 1905 721 1989 quandoquidem,
734 1914 767 1968 ut
778 1906 868 1968 ιιιοιΙο
880 1905 991 1970 dictem
1002 1919 1057 1979 est,
1069 1907 1292 1971 Lacedaemonii
1304 1924 1366 1968 nen
1378 1925 1484 1969 omnes
1506 1918 1525 1970 ῖ

320 2011 397 2075 eires
412 2020 508 2080 erant,
528 2010 579 2073 sed
596 2009 626 2072 hi
642 2010 847 2073 tantummodo
861 2029 982 2084 eorum,
1001 2011 1052 2093 qen
1073 2010 1208 2093 Spartani
1224 2009 1347 2092 proprio
1362 2009 1486 2072 uonrine

320 2114 472 2184 diruatur,
492 2113 542 2196 qni
563 2113 724 2196 quondnns
745 2103 895 2199 ἔκκλητοι
917 2109 982 2176 τῶν
1000 2107 1284 2198 Λακεδαιμονίων
1304 2124 1487 2190 tenerentur,

321 2217 392 2281 nihil
411 2220 543 2300 prolecto
564 2217 713 2291 obstabat,
733 2217 843 2299 quippe
861 2237 953 2300 ιμιαιιι
969 2239 1002 2281 ex
1024 2220 1162 2282 oenoeso
1181 2217 1486 2281 lacedaemoniorum

320 2340 445 2385 numero
462 2321 481 2383 il
496 2330 621 2394 tantum,
636 2322 686 2403 qui
702 2321 779 2384 eires
795 2341 819 2384 s.
832 2322 969 2404 Spartani
981 2334 1090 2396 essent,
1105 2323 1141 2385 ad
1153 2321 1271 2384 remitia
1282 2340 1487 2384 convocaren-

322 2435 379 2489 tur.
421 2427 515 2507 htqne
534 2424 604 2488 hinn
622 2423 708 2487 etiam
729 2444 847 2508 semper
866 2421 931 2488 τῶν
945 2416 1237 2507 Λακεδαιμονίων,
1252 2442 1406 2505 οιιοιμιοιο
1422 2421 1488 2488 τῶν

320 2524 541 2610 Σπαρτιατῶν
560 2519 712 2615 ἔκκλητοι
734 2529 880 2593 dicuntur.
903 2565 943 2576 -
964 2531 1021 2593 Sed
1043 2532 1165 2593 allertur
1183 2550 1200 2591 a
1219 2529 1288 2592 siais
1303 2527 1489 2592 ‹nensstnns

320 2634 408 2696 etiam
420 2631 626 2695 Demosthenis
639 2631 723 2694 loeus
736 2637 743 2675 ¹
756 2635 794 2710 ³),
811 2632 984 2705 uideretur,
998 2636 1035 2696 de
1047 2642 1218 2697 senatorum
1230 2631 1309 2715 apaad
1321 2633 1489 2713 Spmrtanos

322 2735 460 2818 dignitate
473 2737 612 2816 loquens,
627 2729 697 2798 ἐκεῖ
709 2729 770 2815 μὲν
785 2730 855 2821 γὰρ,
876 2737 981 2818 inquit,
1000 2729 1073 2800 ἐστὶ
1087 2732 1148 2822 τῆς
1161 2727 1280 2820 ἀρετῆς
1294 2721 1412 2811 ἆθλον,
1427 2733 1490 2822 τῆς

291 2849 293 2854 ’
322 2831 495 2915 πολιτείας
513 2831 627 2922 κύριον
641 2831 800 2922 portenae
813 2835 974 2922 μετὰτῶν
990 2830 1130 2921 ὁμοίιον,
1150 2859 1185 2901 ex
1200 2857 1260 2920 que
1281 2837 1387 2900 cernhel
1403 2839 1488 2902 arhi-

322 2953 443 3018 trantun
453 2945 598 3006 immoeos
611 2941 693 3006 solos
705 2943 806 3016 luisse,
818 2943 868 3024 qui
880 2963 948 3007 eum
961 2944 1113 3006 senaturel
1125 2942 1155 3004 in
1167 2941 1390 3023 magistratibus
1401 2961 1490 3006 snm·

321 3066 399 3110 mam
416 3045 457 3110 rei
473 3047 605 3128 ponticae
616 3047 863 3120 administrarent,
880 3049 922 3110 sel
937 3048 968 3108 in
980 3046 1108 3110 eerraitiis
1120 3044 1157 3107 de
1168 3045 1350 3126 gravissimis
1361 3046 1490 3125 negotiis

322 3159 498 3223 statuerent,
523 3148 649 3212 exclusis
673 3149 820 3213 inferioris
846 3149 959 3212 ordinis
984 3149 1097 3212 civibus
1121 3149 1157 3210 iis
1176 3148 1227 3231 qui
1255 3138 1489 3228 ὑπομείονεςιι

320 3250 518 3333 Xenophonte
533 3251 742 3329 emundaret).
785 3251 816 3314 ld
833 3253 918 3314 nohis
934 3271 1021 3315 secus
1037 3253 1161 3314 ridetur.
1200 3250 1273 3313 Nam
1293 3249 1407 3313 etiamsi
1423 3251 1489 3330 pari

322 3354 352 3416 in
371 3353 498 3416 comitiis
518 3353 649 3434 suffragii
668 3354 731 3416 iure
752 3345 955 3436 ίπομείονας
973 3374 1046 3427 οιιιοΥ
1057 3353 1194 3418 homoeis
1209 3371 1282 3415 usos
1297 3371 1364 3413 esse
1379 3350 1486 3412 statui·

322 3474 399 3526 mns.
417 3464 461 3517 tet
475 3463 572 3518 tartaen
588 3453 641 3518 alia
657 3464 776 3536 tamque
791 3473 895 3536 magna
907 3456 1044 3520 homeeis
1056 3457 1118 3519 iura
1130 3454 1252 3537 propria
1262 3471 1329 3515 esse
1339 3462 1485 3532 poterant

322 3567 354 3622 ut
364 3566 444 3621 reete
458 3557 488 3620 hi
500 3557 690 3622 Denaostheni
703 3550 814 3640 κύριοι
825 3554 884 3644 τῆς
895 3552 1071 3633 πολιτείας
1084 3558 1260 3619 viderentur.
1293 3555 1395 3634 Neque
1405 3555 1483 3616 enim

320 3657 361 3724 τὸ
380 3655 494 3745 κίρκον
512 3663 542 3724 in
563 3661 694 3744 suffragii
715 3660 920 3724 tantummodo
940 3661 1004 3723 iure
1023 3659 1153 3741 position
1174 3666 1234 3731 est,
1259 3657 1311 3719 sed
1332 3654 1435 3733 etiam,
1456 3668 1486 3719 et

322 3766 415 3829 multe
434 3765 553 3847 quidem
574 3765 681 3846 tnagis,
700 3764 730 3826 in
752 3763 816 3826 iure
830 3762 994 3834 honorum,
1010 3761 1176 3843 ieiunoque
1195 3759 1424 3842 ascriptoribus
1437 3780 1485 3825 res

321 3869 454 3952 puhlieae
468 3868 498 3930 in
511 3867 696 3949 optimatium
712 3882 801 3928 manu
813 3864 905 3928 luisse
916 3875 945 3928 et
956 3864 999 3928 eel
1011 3864 1202 3946 religarehieae
1215 3862 1257 3926 sel
1268 3864 1488 3929 aristocratieae

321 3971 512 4053 appellantur,
528 3969 558 4031 in
573 3967 683 4049 quihus
700 3977 828 4031 tamena
844 3967 985 4049 suffragio
1001 3966 1118 4048 quidem
1135 3967 1264 4050 populns
1275 3983 1338 4029 uon
1348 3969 1487 4032 exclusus

321 4082 393 4146 erat,
410 4073 462 4137 sed
478 4072 667 4152 magistratus
682 4089 795 4153 cepere,
811 4081 963 4132 senatores
979 4069 1040 4132 heri
1054 4087 1117 4132 nen
1132 4079 1269 4153 poterant
1282 4069 1342 4132 nisi
1356 4071 1487 4152 eptima-

322 4186 366 4240 tes
378 4183 385 4221 ¹
398 4178 439 4255 ³).
473 4175 587 4240 scilieet
600 4192 662 4239 unu
679 4175 708 4238 id
723 4174 820 4237 solnm
835 4173 1027 4255 spectandum
1042 4182 1096 4244 est.
1116 4191 1209 4254 quum
1224 4172 1261 4238 de
1275 4191 1394 4237 suntme
1409 4172 1440 4236 iu
1454 4193 1488 4238 re

321 4278 439 4361 publiea
454 4285 599 4360 potestate
618 4276 781 4359 quaeritur,
802 4275 852 4358 apd
871 4275 1043 4356 suffragium
1064 4274 1190 4339 haheent
1204 4284 1256 4339 aut
1271 4293 1334 4340 non
1348 4275 1486 4348 habeant

322 4383 373 4445 sed
386 4401 444 4465 qua
454 4381 568 4445 radone
582 4390 610 4444 et
623 4379 734 4462 quihus
745 4377 963 4443 conditionibus
975 4377 1105 4459 sutlrassii
1116 4377 1163 4442 ius
1175 4397 1320 4463 usurpare
1329 4379 1414 4444 lineat
1425 4386 1432 4424 ¹
1444 4381 1486 4457 ο).

376 4555 416 4620 13)
437 4555 532 4608 Contrs
545 4555 674 4624 Leptinen
684 4553 710 4622 ἦ.
720 4553 761 4619 88,
774 4570 799 4623 p.
810 4552 866 4620 489,
879 4551 921 4604 ld.
940 4550 1027 4605 Reislr.

376 4640 417 4706 ll)
440 4640 506 4694 llist.
519 4639 563 4694 Gr.
576 4639 618 4706 lll,
630 4638 656 4707 t,
668 4641 694 4692 s.

376 4727 417 4791 rs)
438 4724 510 4778 θοαί.
523 4723 660 4778 Tittnm.
673 4726 705 4778 de
716 4723 807 4778 Grues.
820 4723 873 4776 reb.
887 4722 955 4791 publ.
967 4738 992 4791 p.
1001 4720 1062 4774 522.

376 4811 417 4877 td>
437 4810 509 4864 eost
522 4811 631 4865 Aristet.
642 4810 718 4864 Pelit.
729 4809 774 4878 tv,
786 4809 826 4877 tt,
837 4808 863 4862 9.
893 4809 958 4863 nte.
969 4806 1143 4863 ll'aehsnstb.
1154 4810 1216 4864 aas
1229 4807 1296 4863 llell.
1308 4807 1328 4876 l,
1338 4811 1362 4877 l,
1372 4827 1399 4880 p.
1410 4810 1469 4863 tea.
