3792 5609
958 708 1020 774 ³30

884 797 1084 812 h-——nffl

407 903 520 968 ttridum
540 899 737 985 scriptoribus
756 918 817 965 non
837 907 988 984 poterant,
1004 899 1243 984 quandoquidem
1256 901 1305 967 his
1322 903 1422 966 omnia
1436 904 1570 969 studiose

407 1005 608 1088 conquirenda
622 1011 720 1078 erant,
740 1004 821 1068 unde
840 1003 948 1086 aliquid
968 1002 1043 1066 lucis
1059 1003 1090 1067 in
1104 1004 1382 1086 antiquissimorum
1398 1016 1569 1089 temporum

405 1109 560 1174 historiam
581 1107 746 1170 redundare
764 1127 856 1190 posse
875 1107 1031 1170 videretur.
1075 1105 1139 1169 llos
1157 1106 1248 1188 igitur
1267 1109 1423 1191 quomodo
1439 1108 1476 1172 iis
1498 1129 1569 1172 usos

406 1231 473 1274 esse
488 1207 683 1293 putabimus?
706 1209 819 1292 Nempe
839 1209 985 1273 delectum
1005 1209 1164 1291 quemdam
1179 1219 1209 1274 et
1229 1210 1370 1275 iudicium
1389 1210 1570 1287 adhibuisse,

406 1323 439 1377 ut
454 1313 619 1394 seligerent,
633 1331 709 1393 quae
720 1311 845 1375 consilio
857 1330 914 1376 suo
926 1311 1145 1375 accommodari
1156 1320 1185 1375 et
1198 1310 1230 1375 in
1245 1313 1394 1394 quandam
1409 1323 1571 1395 perpetuae

315 1407 317 1412 ’
406 1415 547 1479 historiae
563 1415 693 1495 speciem
708 1413 850 1498 componi
865 1433 957 1497 posse
967 1423 1130 1490 conserent,
1145 1414 1261 1490 ceteris,
1276 1435 1352 1497 quae
1363 1424 1572 1497 repugnarent,

407 1517 544 1582 exclusis.
574 1516 625 1580 Sic
639 1537 666 1579 e.
682 1537 707 1580 c
723 1517 844 1599 Ogygen
860 1538 876 1580 a
892 1517 992 1580 multis
1006 1518 1159 1581 exclusum
1174 1537 1242 1581 esse
1256 1518 1407 1592 videmus,
1423 1536 1512 1598 quem
1528 1521 1571 1582 la-

407 1621 493 1684 hulao
508 1619 667 1702 quaedam,
686 1618 851 1685 Eleusiniac
870 1619 1012 1710 fortasse,
1030 1639 1093 1684 non
1113 1619 1204 1684 modo
1224 1618 1256 1683 in
1275 1619 1396 1683 Boeotia
1415 1620 1572 1684 sedetiam

408 1726 439 1788 itt
464 1723 559 1787 dttica
585 1740 739 1804 regnasse,
766 1723 923 1805 ipsumque
943 1733 995 1787 aut
1013 1723 1078 1786 cius
1104 1723 1196 1787 lolium
1215 1722 1361 1786 lileusinis
1386 1722 1571 1787 conditorem

409 1828 502 1890 luisse
522 1823 725 1905 tereticam).
760 1826 957 1891 Philochorus
976 1846 1046 1890 eum
1065 1826 1245 1908 ascirit³⁴),
1265 1844 1370 1890 rerum
1385 1825 1440 1902 ita,
1454 1835 1489 1889 ut
1503 1812 1573 1908 prost

411 1931 476 1992 eius
491 1947 615 2010 regnum
629 1929 764 2004 httieam,
780 1929 889 1993 diluuio
905 1938 1057 2003 rasulam,
1072 1949 1127 2012 per
1140 1936 1259 2015 uentum
1273 1929 1401 2012 amplius
1412 1946 1509 1992 annos
1521 1949 1572 1992 va·

412 2051 497 2095 cuam
518 2038 549 2094 ot
566 2031 705 2094 incolum
724 2029 817 2095 luisse
836 2040 977 2095 statueret
990 2050 1086 2115 usque
1100 2030 1137 2094 ad
1151 2032 1327 2114 licrropem,
1347 2030 1400 2094 abs
1420 2050 1480 2114 epm
1495 2048 1573 2095 nora

411 2153 515 2218 regum
534 2133 628 2198 series
648 2133 797 2216 inciperet
831 2131 887 2197 dlii
906 2135 1045 2198 hetaeum
1065 2134 1214 2216 qrrendam
1229 2131 1370 2215 Cecropis
1385 2132 1571 2198 decessorem

412 2249 499 2320 atque
513 2255 651 2300 socerum
666 2235 757 2300 irrisae
773 2235 921 2314 volebant,
936 2245 1109 2320 poatremquc
1124 2234 1257 2317 Aglauri,
1272 2236 1397 2313 llersae,
1415 2235 1573 2312 Pandrooi,

413 2361 487 2424 rpuas
503 2341 633 2422 plerique
647 2338 787 2422 Cecropis
802 2338 876 2403 filias
889 2339 1094 2416 dixeruntss).
1133 2338 1229 2403 Etiam
1248 2338 1353 2404 &anm
1372 2339 1451 2404 nttlla
1471 2360 1488 2403 a
1502 2339 1574 2404 l'hi·

413 2443 537 2508 lochoro
553 2441 663 2506 mentio
679 2443 754 2504 lacta
770 2461 838 2506 esse
851 2442 981 2516 ridetur,
997 2461 1087 2525 quem
1102 2440 1150 2505 alii
1164 2460 1227 2505 non
1242 2441 1333 2506 modo
1348 2462 1505 2525 regnasse,
1520 2444 1573 2507 scd

414 2568 431 2610 a
450 2545 570 2608 concine
588 2563 645 2608 suo
666 2561 758 2626 quum
778 2563 869 2608 unam
888 2543 926 2609 do
944 2555 1083 2627 quattuor
1097 2545 1247 2619 tribulus,
1268 2555 1331 2609 tum
1346 2547 1490 2629 populum
1505 2547 1575 2612 uni·
1668 2580 1670 2583 ·

413 2667 532 2712 uersum
547 2647 710 2730 appellasse
724 2648 869 2724 uolehant,
884 2667 1064 2730 quanrquam
1079 2657 1179 2712 utrum
1194 2657 1262 2712 anto
1275 2648 1437 2732 Cecropem
1451 2667 1490 2712 art
1505 2657 1576 2733 post

412 2771 480 2815 eum
496 2759 660 2831 regmosset,
675 2750 870 2843 arnhigehant
904 2751 991 2816 llunc
1004 2751 1243 2833 hamptrensium
1262 2752 1390 2815 maxime
1404 2753 1509 2816 lohulis
1525 2772 1576 2816 ce·

413 2853 554 2918 lehratum
579 2852 670 2916 luisse
694 2873 730 2918 err
754 2874 791 2917 eo
811 2853 966 2930 coniicias,
990 2854 1072 2937 quod
1090 2855 1154 2918 eius
1175 2856 1367 2938 sepulchrum
1386 2855 1427 2919 illi
1446 2857 1524 2938 apud
1543 2878 1578 2920 se

414 2955 621 3030 ostendebant,
636 2965 665 3020 et
679 2975 761 3020 sacra
777 2975 898 3040 quoquc
913 2979 930 3022 a
946 2958 1137 3022 Charidarum
1148 2967 1236 3039 gente
1247 2967 1404 3040 procurata
1415 2959 1493 3042 apud
1504 2979 1575 3023 eos·

414 3062 481 3124 olem
503 3058 595 3122 luisse
617 3058 826 3139 violentum).
870 3060 1031 3125 Pandionis
1050 3079 1162 3124 nomen
1181 3080 1217 3124 ex
1234 3060 1450 3142 Megarensium
1470 3061 1577 3126 iabulis

414 3163 541 3228 ascitum
556 3181 624 3226 esso
639 3162 827 3240 crediderim,
846 3161 925 3247 apud
944 3182 1021 3246 quos
1041 3173 1071 3228 et
1088 3174 1315 3228 monumentum
1334 3165 1399 3229 eius
1418 3175 1448 3228 ct
1467 3165 1577 3230 cttltum

414 3267 507 3332 luisse
522 3266 670 3348 legimus³
681 3271 722 3348 ἲ),
737 3267 914 3348 Megaridem
929 3277 1028 3332 antem
1043 3267 1201 3351 aliquando
1213 3269 1250 3332 ad
1262 3268 1386 3333 dttioam
1398 3269 1578 3352 pertimuisse

413 3381 519 3436 notum
534 3380 590 3434 est.
621 3369 857 3452 l'orplrprionem
870 3381 902 3435 et
916 3371 1088 3445 Celaenum,
1103 3372 1228 3436 alterum
1242 3372 1490 3437 htlrmonensinm
1505 3372 1578 3436 alte-

414 3493 481 3538 rum
495 3473 706 3556 hlprrhinuntis
720 3474 867 3556 regulum,
886 3475 1047 3560 utrumque
1064 3476 1195 3558 Cecrope
1208 3483 1239 3539 et
1251 3477 1359 3540 Actaeo
1373 3475 1580 3560 antiquiorem,

362 3589 397 3642 to
417 3598 453 3641 ex
468 3578 556 3642 unius
570 3577 734 3642 Pausaniae
749 3579 921 3643 testiinouio
935 3579 1092 3644 norimus³
1101 3580 1144 3659 ⁸),
1158 3588 1192 3643 ut
1205 3579 1243 3643 alr
1254 3579 1407 3644 Atthidum
1422 3581 1578 3664 scriptori·

416 3681 474 3745 hus
499 3679 613 3744 silentio
640 3680 841 3764 praetenuissi
867 3702 934 3746 esso
961 3682 1121 3748 rideantur.
1165 3681 1210 3746 lle
1234 3682 1374 3766 llopsopi
1392 3683 1511 3766 quidem
1530 3693 1581 3749 aut

416 3783 572 3868 llopsopis
587 3803 695 3848 noruen
710 3804 727 3848 a
742 3785 889 3869 plerisque
903 3785 1084 3852 celebratum
1099 3805 1166 3850 esse
1180 3794 1317 3872 apparet,
1337 3786 1484 3871 siquidem
1500 3787 1580 3853 outa
1598 3827 1602 3835 ι

418 3888 483 3953 eius
497 3888 608 3952 ruentio
623 3887 654 3954 iu
672 3887 826 3956 tlttltidtuu
846 3890 1018 3975 lragmentis
1036 3889 1198 3958 inuenitur:
1226 3899 1257 3957 et
1275 3889 1368 3957 luisse
1387 3899 1488 3958 tamen
1505 3889 1580 3975 legi·

489 4219 531 4289 ³³)
548 4222 655 4276 Proser.
665 4219 687 4290 l,
698 4220 741 4291 38,
752 4223 778 4276 4.
799 4218 838 4277 ct.
850 4220 947 4278 ilem
959 4223 992 4277 do
1002 4235 1075 4290 regg.
1091 4220 1147 4278 tu
1159 4219 1172 4278 1
1182 4235 1206 4275 c.
1218 4221 1235 4274 l
1246 4227 1275 4276 ot
1284 4218 1395 4276 (illator.
1405 4219 1479 4277 rue
1491 4219 1582 4276 notet

419 4305 533 4458 1’.Ἥ
550 4391 610 4446 tlt.
623 4391 717 4446 norst.
729 4391 818 4464 Praep.
832 4408 873 4448 en.
885 4391 921 4460 X,
935 4393 967 4447 1⁰
978 4410 1003 4465 p.
1009 4394 1068 4447 489.
1081 4391 1109 4447 (2
1119 4392 1237 4448 hluollor.
1246 4391 1335 4460 insu.
1346 4391 1404 4446 stoc
1416 4391 1475 4460 gul
1486 4408 1511 4462 p.
1520 4391 1580 4445 386.

490 4478 533 4544 illel
550 4479 608 4531 Vid.
619 4479 683 4531 locc.
694 4494 735 4547 ap.
746 4478 893 4548 hient-rimo,
904 4481 936 4535 do
947 4495 1019 4548 regg.
1032 4487 1087 4534 ttu.
1100 4480 1111 4533 l
1122 4495 1145 4533 o.
1157 4478 1184 4547 li,
1196 4487 1226 4534 et
1236 4479 1348 4534 Cliniae.
1358 4477 1371 4534 l
1382 4494 1407 4548 p.
1419 4479 1462 4532 uu.

490 4563 532 4629 :tut
550 4565 658 4618 l'eusao.
669 4563 688 4633 l,
700 4563 744 4630 dl,
754 4563 780 4616 2.
801 4565 910 4635 fleri-en
922 4581 945 4622 ι.
957 4582 983 4622 ιι.
997 4562 1134 4638 Χαρίδιιι.

492 4648 534 4714 dl)
552 4647 691 4715 Patami,
702 4650 728 4715 a,
740 4647 757 4701 3
768 4649 886 4716 atlhd.

492 4731 878 4803 cornuteteooana.
