3792 5609
934 801 998 866 314

381 985 504 1082 ἤρξατο
523 983 562 1056 δι’
580 987 830 1076 ναυπηγεῖσθαι
848 983 1018 1078 τετρήρεις
1036 985 1096 1055 καὶ
1110 986 1294 1080 αιντηρικὰ
1308 986 1435 1080 σκάφη,
1455 1013 1548 1081 πρω-

381 1117 439 1172 τος
449 1087 571 1182 ταύτην
583 1089 643 1180 τήν
656 1088 862 1180 κατασκευὴν
873 1091 940 1157 τῶν
953 1091 1034 1158 νεῶν
1047 1087 1240 1181 ἐπινοήσας.
1267 1094 1371 1178 Neque
1386 1095 1548 1179 quidquam

382 1198 500 1264 imuniu
515 1198 545 1262 in
561 1197 643 1262 onrni
659 1196 840 1279 antiquitatis
855 1197 991 1274 historia,
1004 1198 1087 1280 quod
1101 1197 1191 1262 huius
1207 1198 1368 1263 testimonii
1382 1199 1471 1263 bdem
1487 1200 1549 1263 ele·

382 1311 438 1366 ret
471 1301 547 1365 Nam
568 1299 648 1384 quod
668 1319 762 1364 unum
782 1307 932 1380 practerea
952 1301 990 1364 de
1004 1301 1264 1384 quinqueremium
1280 1301 1449 1366 inventione
1463 1302 1550 1366 testi·

382 1404 516 1470 acronium
531 1413 617 1480 extat,
630 1404 709 1488 apud
723 1403 852 1467 Plinium
867 1403 904 1468 ll.
916 1403 953 1468 N.
970 1404 1029 1482 vll,
1039 1405 1091 1479 57,
1106 1404 1174 1469 licet
1188 1425 1205 1470 a
1218 1406 1350 1471 Diodoro
1365 1405 1549 1490 discrepans,

381 1527 443 1574 non
459 1519 557 1573 tauron
572 1509 612 1574 ita
626 1502 831 1591 comparatum
846 1517 902 1585 est,
917 1517 952 1573 ut
965 1509 991 1574 is
1007 1531 1044 1574 eo
1059 1509 1179 1575 relutari
1196 1511 1302 1594 possit
1331 1509 1487 1585 Biremero,
1502 1509 1550 1573 in·

325 1627 358 1682 6
384 1614 445 1697 quit
459 1613 587 1690 Plinius,
606 1613 759 1678 Damastes
772 1613 953 1696 Erythraeos
965 1618 1068 1700 [eciem
1082 1626 1255 1689 auctorest,
1269 1617 1420 1680 triremem
1436 1613 1563 1696 Theop*

384 1719 463 1782 dides
476 1715 654 1782 druiuoelem
670 1715 853 1781 Corinthium
862 1719 903 1798 ³),
919 1721 1137 1803 quadriremem
1150 1717 1315 1783 dridoteles
1327 1718 1552 1801 Corthopiuieu-

384 1841 444 1895 ree,
463 1824 698 1906 quinqueremem
713 1821 887 1906 dhusipitou
901 1823 1091 1889 Salaminios.
1124 1823 1198 1902 Quis
1214 1822 1302 1887 luerit
1315 1823 1365 1888 hic
1379 1823 1510 1907 scriptor
1523 1831 1554 1886 et

384 1927 503 2011 quarrulo
523 1925 626 1990 riserit
645 1945 708 1990 non
728 1939 916 2012 compertum
935 1929 1097 1994 babemus:
1117 1929 1175 1994 nisi
1195 1937 1292 1992 tamen
1313 1936 1384 2011 post
1396 1925 1553 1992 Alexandri

385 2031 480 2112 linqui
497 2040 632 2113 teuquua
648 2031 855 2114 scripsissem
871 2035 921 2110 iis,
936 2053 1011 2117 qum
1027 2033 1126 2098 statim
1142 2055 1158 2098 a
1173 2031 1270 2097 Plinio
1285 2032 1441 2108 adduntur,
1456 2029 1552 2095 artani-

387 2138 495 2201 butum
517 2137 563 2198 ut:
588 2134 794 2200 decemremem
813 2135 988 2220 dlrresipitou
1007 2138 1213 2202 Alexandrum
1231 2136 1375 2220 dloquum
1392 2140 1452 2222 [ert
1469 2137 1554 2201 iaeti-

386 2243 484 2304 tuisse.
526 2237 680 2302 llissensio
699 2248 797 2304 autern
818 2240 895 2306 iuter
913 2243 993 2306 lrunc
1011 2251 1040 2305 et
1058 2241 1239 2317 Diodorum,
1260 2261 1354 2324 quum
1373 2242 1553 2323 quinquere-

389 2343 482 2406 mium
502 2341 702 2405 inventionum
722 2344 797 2407 alter
816 2343 853 2407 ml
869 2344 1046 2408 Salaminios
1065 2344 1139 2406 alter
1153 2344 1190 2407 ad
1204 2343 1378 2426 Dionysium
1393 2343 1554 2426 Syracusa·

388 2465 461 2510 nuru
477 2446 598 2518 celerat,
615 2446 730 2508 etiamsi
746 2447 886 2528 componi
902 2456 981 2510 certa
997 2447 1093 2528 aliqua
1109 2445 1224 2509 ratione
1238 2463 1301 2508 uon
1315 2454 1414 2528 potest
1428 2480 1472 2493 -
1486 2463 1556 2508 nam

389 2547 567 2614 cernhcturis
583 2547 665 2611 lacile
680 2547 797 2612 cuilibet
812 2568 845 2609 sc
861 2549 1054 2612 offerentibus
1064 2549 1137 2612 nihil
1148 2548 1310 2630 prolicitur,
1325 2559 1556 2613 —nontamen

352 2647 362 2658 '
389 2675 425 2714 eo
441 2651 536 2714 valere
551 2651 628 2732 apud
644 2651 804 2732 prudentes
820 2651 943 2734 peterit,
964 2660 998 2715 ut
1012 2659 1131 2715 centum
1147 2651 1208 2712 iere
1222 2649 1307 2713 anuis
1323 2659 1391 2714 ante
1407 2662 1556 2732 tempusa

389 2753 519 2820 lliodoro
537 2753 696 2817 indicatum
717 2755 944 2836 quinqueremes
959 2754 1003 2817 rel
1023 2754 1103 2836 apud
1118 2752 1313 2817 Athenienses
1328 2753 1373 2818 rel
1388 2753 1467 2836 apud
1482 2753 1556 2816 alius

390 2859 519 2924 Graecos
534 2857 564 2920 in
579 2875 637 2921 usu
650 2855 743 2920 luisse
756 2858 926 2934 credentum
943 2857 1139 2938 omniumque
1150 2857 1272 2920 minime
1283 2874 1462 2939 quemquam
1473 2858 1558 2920 llae-

390 2960 528 3042 sigitonis
548 2956 720 3024 auctoritato
741 2959 779 3024 ita
793 2959 957 3024 abusumm
973 2980 1040 3023 esse
1055 2978 1226 3042 speramus,
1245 2968 1280 3023 ut
1293 2968 1418 3042 propter
1431 2959 1557 3022 Salami-

389 3064 509 3128 niomm
529 3064 844 3127 commemorationem
866 3063 963 3147 ipsam
980 3063 1058 3126 illam
1072 3063 1261 3126 Salaminiam
1276 3081 1381 3126 narem
1395 3061 1557 3125 Athenien·

390 3165 470 3229 siuru
489 3165 732 3247 quinqueremem
752 3166 846 3229 luisse
864 3185 881 3230 a
903 3164 1070 3230 Salaminiis
1091 3166 1239 3230 inuentam
1258 3174 1403 3231 autumet:
1422 3165 1470 3228 cui
1489 3165 1558 3247 opi·

390 3267 475 3334 uioni
494 3287 582 3349 quam
602 3269 694 3332 multa
714 3269 847 3344 obstent,
869 3289 904 3332 ex
925 3269 962 3332 iis
982 3288 1057 3350 quae
1076 3287 1167 3353 supra
1186 3269 1315 3333 elisimus
1335 3268 1408 3332 satis
1426 3276 1558 3351 apparet

390 3407 434 3420 -
448 3371 589 3452 Serpsitur
602 3371 735 3446 altcutnr,
750 3371 830 3454 quod
845 3371 1071 3454 proposuimus,
1088 3390 1151 3434 narn
1165 3370 1259 3434 videri
1273 3369 1467 3434 htbenienscs
1482 3370 1560 3434 circa

392 3476 436 3541 01.
448 3474 562 3540 uxxu.
582 3493 671 3538 unam
687 3475 894 3540 tanturnmodo
909 3464 1062 3560 θεωρίδα
1075 3493 1181 3538 navent
1196 3473 1350 3549 habuisse,
1369 3474 1560 3538 Salaminiam

393 3581 472 3645 illam
486 3579 547 3642 sire
560 3579 687 3655 Deliam,
707 3599 796 3663 quam
811 3579 931 3662 quidem
946 3578 1005 3641 iam
1020 3577 1089 3641 inde
1103 3598 1120 3640 a
1136 3577 1244 3641 Thesei
1258 3587 1351 3642 aetate
1367 3578 1459 3640 luisse
1474 3579 1559 3642 labu-

392 3685 437 3750 lae
453 3682 617 3766 perhibent
651 3681 723 3746 lllud
740 3683 790 3766 qui
805 3683 931 3767 probare
947 3691 1073 3746 conatus
1089 3691 1150 3756 est,
1165 3681 1289 3745 lleierus
1304 3681 1391 3763 epist.
1407 3689 1481 3762 grat.
1496 3682 1515 3744 l.
1530 3683 1562 3758 l.,

394 3794 565 3866 argumento
591 3783 684 3848 utitur
708 3785 872 3850 adnmrlum
893 3785 1028 3862 infirmo,
1054 3786 1136 3868 quod
1155 3785 1330 3850 Plutarchus
1349 3784 1400 3847 rit.
1416 3782 1561 3849 Tirenrist.

396 3889 458 3966 αἵ,
473 3889 509 3952 de
524 3907 623 3969 pugna
638 3889 674 3952 ad
689 3888 881 3952 Artemisium
896 3892 1038 3962 referens,
1053 3889 1230 3952 dechitelem
1247 3889 1394 3972 quendam
1409 3888 1487 3952 dicat
1501 3881 1563 3953 lat

396 3988 465 4078 τῆς
478 3983 568 4076 ἱερᾶς
581 3984 660 4068 νειὸς
673 3985 869 4079 τριήραρχον
883 3992 993 4057 luisse:
1013 3993 1172 4056 ostendere
1186 3993 1267 4056 enim
1281 3991 1453 4064 articulum,
1470 4009 1562 4055 unam

399 4094 445 4157 illo
465 4103 598 4176 tempore
617 4111 730 4158 sacratu
750 4113 856 4158 narem
877 4093 984 4171 luisse,
1004 4113 1112 4176 quum,
1132 4095 1158 4158 si
1178 4095 1253 4158 duae
1271 4094 1331 4157 iam
1347 4103 1411 4157 tunr
1426 4090 1562 4168 luissent,

398 4197 518 4262 Paralus
532 4207 561 4261 ct
575 4185 746 4273 Salaminia,
767 4197 895 4263 scribere
910 4197 1101 4262 Plutarchum
1116 4188 1177 4262 ἐπὶ
1190 4199 1250 4283 τῆς
1264 4187 1377 4285 ἑτέρας
1390 4193 1455 4259 τῶν
1469 4185 1565 4282 ἱερῶν

399 4297 687 4382 acdeoportuisset.
721 4300 786 4368 lloc
804 4321 892 4386 mam
912 4301 1060 4366 incertum
1079 4303 1119 4365 sit
1136 4300 1279 4366 iudicium
1293 4300 1338 4362 rel
1353 4299 1563 4363 Demosthenis

400 4403 482 4466 locus
508 4402 663 4464 ostendere
688 4413 800 4485 potest,
825 4406 852 4468 is
878 4423 967 4488 quem
995 4405 1060 4486 ipse
1083 4403 1212 4468 lleierus
1237 4402 1373 4486 protulit,
1399 4401 1526 4485 Philipp.
1541 4402 1564 4479 l,

400 4505 494 4589 ped,
507 4507 534 4568 1:
550 4499 776 4570 theodemario
791 4497 878 4586 δἐἶς
892 4503 1099 4594 Μαραθῶνα
1113 4499 1226 4592 ἀπέβη
1241 4495 1275 4588 (ὁ
1289 4497 1491 4586 Φίλιππος),
1506 4497 1565 4570 καὶ
1623 4552 1627 4560 -

401 4603 460 4696 ede
477 4597 568 4694 ἱερὰν
586 4595 658 4674 ἀπὸ
675 4609 736 4694 τῆς
748 4601 858 4697 χώρας
872 4600 1058 4698 qi'xec'd‘xmr
1070 4601 1199 4698 τριήρη.
1231 4611 1273 4675 lta
1287 4610 1504 4676 Demosthenes
1517 4609 1565 4674 lo·

471 4837 498 4904 b)
516 4835 554 4890 Pe
565 4833 613 4888 boe
625 4842 707 4889 tanen
719 4832 751 4888 cl.
764 4834 821 4890 iatt.
833 4835 866 4890 ad
877 4835 1026 4910 Thucydll,
1034 4837 1075 4892 1³.
1088 4833 1195 4892 rerem
1206 4835 1278 4892 vohi
1292 4813 1373 4908 ptus
1384 4834 1464 4906 Pupp.
1477 4865 1481 4872 -
