3792 5609
935 799 945 808 .
1020 710 1135 808 ,2η

451 902 596 964 memorio
617 902 645 962 in
669 897 886 962 dirrrsissimns
906 905 1005 977 partes
1031 895 1069 958 ab
1089 895 1168 958 ltalis
1191 896 1319 960 maxims
1339 905 1370 956 st
1391 915 1410 960 a
1434 895 1618 960 nostratibus

451 1003 600 1084 disputata
620 1013 705 1068 sunt.
730 1010 764 1063 ιιι
783 999 808 1062 si
827 998 894 1080 quis
918 997 1028 1062 lromm
1047 999 1182 1062 omnium
1202 998 1455 1080 «lisputationibus
1474 999 1617 1062 utendum

452 1104 512 1166 sibi
532 1113 640 1167 statuat
659 1103 696 1165 ad
716 1121 778 1164 rom
799 1101 903 1162 molius
919 1101 1170 1182 perspiciendam.
1191 1101 1285 1182 pingis
1300 1101 1443 1163 obmtum
1458 1121 1492 1162 so
1505 1101 1617 1164 disrrr·

453 1207 586 1287 pontium
606 1206 782 1287 opinionum
803 1203 989 1266 multitudino
1008 1223 1098 1286 qoam
1117 1204 1302 1267 subur-stom
1319 1202 1349 1266 in
1363 1203 1532 1285 quaerundo
1547 1221 1617 1264 serr·

453 1309 521 1380 tint,
542 1309 729 1388 inretumquo
750 1306 794 1368 rix
814 1305 903 1368 olium
924 1306 1067 1386 porcipiat
1087 1306 1143 1368 nisi
1158 1307 1252 1376 buno.
1274 1315 1307 1368 ut
1321 1305 1393 1368 nibil
1407 1304 1444 1367 de
1459 1305 1514 1368 illis
1528 1304 1619 1368 rubos

455 1419 506 1472 out
530 1410 597 1472 miri
622 1408 760 1472 nuttriri
781 1427 871 1489 possu
889 1418 1060 1488 cognoscat
1103 1409 1306 1484 Quamobrem
1325 1426 1383 1470 nos
1402 1407 1521 1489 quidum
1542 1407 1620 1469 bano

454 1513 658 1592 quaestionum
674 1529 734 1574 nou
751 1531 787 1572 ro
803 1509 964 1590 totigimus.
979 1529 1040 1592 quo
1055 1510 1227 1573 sententiam
1244 1519 1294 1572 aut
1309 1528 1415 1572 noram
1432 1510 1488 1590 ipsi
1504 1527 1618 1590 propo·

409 1627 429 1678 ³
454 1633 603 1687 norimus,
619 1623 670 1678 mrt
685 1649 726 1660 -
741 1611 981 1696 quandoquidrm
997 1613 1064 1676 nori
1081 1614 1126 1674 rix
1141 1612 1304 1694 quidquam
1319 1612 1447 1694 amplius
1460 1611 1618 1690 moogitari

456 1737 545 1799 possi·
565 1717 677 1780 ridrtur
698 1739 773 1776 -o
794 1715 938 1778 rotoribus
958 1715 1085 1798 aliquam
1105 1727 1209 1779 nostm
1229 1717 1340 1778 calculo
1354 1715 1620 1796 ronrprolrommus

454 1832 484 1884 st
499 1831 602 1884 contro
617 1817 853 1884 dissrntiontium
869 1821 1049 1884 obirrtiours
1064 1820 1219 1883 rloirndors
1233 1838 1424 1893 oonorrmum
1442 1819 1494 1880 sod
1507 1828 1541 1881 ut
1551 1837 1618 1898 por·

455 1923 635 1986 solroromus
655 1921 843 2006 auditoribus
859 1922 969 1985 nostris
984 1923 1064 2006 quod
1079 1923 1187 1985 dobere
1200 1921 1423 2004 quodammodo
1439 1921 1619 1983 ridebantur.

455 2023 629 2087 Meministis
643 2025 733 2092 onim,
749 2023 799 2105 qui
815 2025 1021 2104 antiquitatum
1033 2024 1233 2086 llouronamm
1248 2024 1307 2086 lroc
1321 2022 1455 2086 sorrmstri
1471 2023 1621 2086 auditores

457 2127 564 2198 inistis,
581 2126 744 2196 lliebubrii,
762 2125 814 2187 riri
829 2125 938 2187 summi
954 2135 983 2185 rt
997 2143 1149 2206 nunquam
1164 2125 1230 2187 sino
1243 2123 1329 2186 laudo
1342 2125 1526 2197 nominandi,
1546 2125 1619 2188 sub·

456 2228 620 2290 tilissimam
646 2226 683 2288 do
703 2225 912 2306 Aboriginibus
938 2226 1168 2306 disputationrm
1192 2247 1209 2288 a
1229 2227 1317 2288 nobis
1338 2226 1535 2307 improbatam
1554 2246 1622 2288 esse

458 2339 625 2410 proptrrra,
646 2329 726 2410 quod
747 2337 775 2389 ot
795 2347 811 2388 a
829 2327 981 2388 communi
996 2327 1178 2410 antiquitatis
1193 2327 1351 2390 traditione
1365 2329 1526 2402 reorderut,
1547 2338 1577 2390 ot
1591 2329 1621 2390 in

458 2431 613 2492 refutando
629 2429 785 2511 llionpsio.
805 2430 855 2510 qui
877 2447 956 2490 unm
975 2429 1109 2492 omnium
1125 2429 1346 2492 accuratissimo
1359 2429 1397 2491 ds
1410 2429 1622 2512 Aboriginibus

456 2533 602 2614 exposuit,
619 2533 717 2613 paullo
732 2529 837 2593 durius
851 2530 1035 2592 etiniustius
1050 2539 1155 2610 agoret
1201 2532 1295 2594 liuius
1310 2532 1398 2612 igitur
1413 2531 1511 2594 iudicii
1526 2533 1621 2596 nostri

458 2635 615 2704 rationem.
636 2653 728 2716 quum
745 2635 774 2696 in
790 2633 898 2696 srlrolis
913 2633 984 2694 sutis
1003 2633 1148 2714 explicare
1162 2651 1216 2696 neo
1230 2651 1389 2715 possemus
1403 2651 1457 2696 nso
1471 2635 1620 2704 vellemus.

459 2753 539 2800 nunc
554 2737 651 2818 paullo
667 2736 833 2799 ommatius
848 2753 996 2816 exponere
1010 2733 1201 2798 rlorrorimus.

543 2838 604 2901 bun
624 2838 753 2920 primum
769 2837 841 2900 sotis
859 2845 976 2898 constat
999 2835 1213 2917 antiquissimis
1233 2835 1419 2916 temporibus
1437 2855 1530 2918 quum
1550 2839 1621 2902 alias

458 2941 566 3004 multas
577 2940 674 3004 ltaliae
684 2950 791 3022 portos.
810 2951 873 3002 ιιιιιι
890 2959 956 3001 oum
968 2937 1115 3018 imprimis
1126 2937 1286 3018 regionem,
1299 2937 1329 3000 in
1340 2957 1398 3020 qus
1410 2947 1513 3019 postea
1524 2940 1620 3004 llormr

456 3052 486 3105 ot
501 3043 615 3107 lotium
631 3043 758 3114 luerunt,
774 3063 790 3104 n
807 3041 974 3105 Sirrrlomm
990 3051 1076 3120 pomo
1089 3041 1252 3104 balritntam
1267 3039 1367 3104 luisse.
1408 3041 1491 3105 liano
1505 3051 1621 3124 gentem

359 3159 365 3171 ·
458 3145 636 3210 Nirbubrius
647 3149 675 3226 ¹)
691 3144 857 3226 Pelasgicon
870 3144 973 3227 stirpis
988 3143 1079 3206 luisse
1098 3143 1198 3216 crudit,
1215 3142 1339 3225 idooqus
1354 3163 1371 3206 a
1387 3144 1533 3208 tutoribus
1545 3147 1621 3210 sori·

458 3249 595 3330 ptoribus
615 3269 670 3332 pro
688 3248 795 3312 Siculis
809 3248 895 3312 otiam
912 3248 1034 3328 drgiros
1049 3245 1120 3320 diri,
1140 3266 1200 3328 quo
1216 3245 1338 3309 nomino
1352 3245 1492 3328 Pelasgos
1507 3247 1620 3329 signill-

456 3351 516 3414 rari
532 3361 630 3433 putat.
651 3350 900 3434 ιΙιιιιιιιιΙιιιιιιΙιιιιι
917 3353 1012 3432 ulmos
1030 3369 1149 3432 quoquo
1162 3365 1378 3428 nonnunquam
1394 3347 1526 3429 Polasqin
1540 3349 1620 3414 dior·

456 3463 518 3516 tur:
534 3463 621 3535 atquo
636 3453 705 3516 bino
721 3453 829 3515 lartum
841 3472 908 3514 osso
919 3462 953 3515 ιιι
964 3453 1097 3516 Tilruret
1108 3450 1220 3525 Falerii,
1236 3451 1404 3514 Siculomm
1416 3450 1517 3522 urbes.
1532 3452 1620 3516 etiam

457 3555 631 3636 Argiuomm
647 3555 780 3618 roloniae
793 3553 969 3618 diormntur.
985 3591 1027 3602 -
1042 3555 1157 3619 Scilioet
1170 3556 1207 3616 de
1218 3554 1337 3625 Tibure,
1353 3553 1527 3636 Argivomm
1539 3556 1620 3617 colo·

459 3657 517 3725 nia.
533 3670 681 3721 auctorum
699 3657 842 3720 namnids
857 3657 1002 3728 Solinum,
1017 3657 1068 3740 qui
1083 3676 1149 3738 cap.
1161 3657 1196 3720 2:
1222 3654 1321 3732 Tibur,
1338 3655 1441 3738 iuquit.
1462 3659 1536 3720 sirm
1550 3656 1621 3722 Coto

457 3763 530 3844 [orit
548 3764 752 3833 lidimonium,
773 3781 792 3826 o
812 3759 917 3824 Catillo
938 3761 1065 3834 Arcade,
1081 3761 1233 3842 praeferto
1253 3757 1355 3822 olossis
1373 3758 1523 3834 Euandri,
1548 3764 1622 3825 sirm

459 3863 584 3934 Sentius.
599 3863 635 3926 nd
652 3866 761 3946 Arqion
776 3865 930 3926 iuuentute.
962 3861 1085 3927 Catillus
1097 3867 1176 3927 saint
1190 3862 1365 3946 dmpdiurui
1375 3861 1457 3945 lilius
1467 3873 1535 3944 post
1544 3883 1621 3946 pro-

459 3965 593 4047 diqinlmr
608 3971 703 4048 porris
717 3969 796 4048 opud
811 3965 920 4028 Tlebns
934 3970 1083 4030 interitum
1099 3966 1192 4030 Oiclei
1205 3969 1257 4028 noi
1268 3969 1351 4030 imru
1365 3985 1432 4028 rum
1447 3969 1529 4027 omui
1539 3969 1621 4047 sustu

461 4085 515 4130 osr·
527 4086 645 4129 socrum
660 4070 764 4129 missm
777 4077 836 4130 tres
851 4066 958 4130 liberos
972 4069 1004 4128 ia
1018 4065 1108 4130 Itolio
1118 4069 1302 4149 promouit,
1326 4065 1486 4138 Tiburtem,
1502 4066 1621 4142 Corum,

463 4167 617 4240 Catillum,
636 4173 687 4252 qui
703 4167 829 4250 depulsis
847 4189 886 4232 en
904 4169 1011 4252 oppido
1030 4169 1175 4232 ueteribus
1188 4167 1304 4230 Sironis
1318 4168 1364 4246 (Ιι.
1379 4187 1406 4230 s.
1421 4167 1622 4258 Simbs)²)o

462 4274 576 4334 nornine
589 4273 695 4354 [miris
710 4281 780 4334 notu
795 4275 920 4336 niumm
931 4271 1036 4335 urbem
1046 4281 1235 4335 notaverunt.
1258 4269 1300 4333 bs
1309 4269 1429 4334 Faleriis
1441 4280 1539 4336 aulem
1551 4272 1621 4337 ovi-

462 4376 529 4440 dius
543 4377 643 4440 dmor.
659 4375 711 4448 lll‚
736 4373 788 4444 13.
809 4373 846 4438 31
868 4385 973 4440 auctor
990 4386 1037 4440 ost
1051 4376 1205 4449 llalssum‚
1226 4392 1320 4438 unum
1339 4393 1374 4438 ox
1389 4375 1467 4440 dtrsi
1483 4377 1621 4458 postoris,

465 4525 762 4543 ffl

532 4616 555 4680 1)
574 4616 670 4670 ilistor.
682 4613 752 4668 uos.
761 4621 820 4667 ton.
833 4613 850 4668 1.
864 4631 887 4685 p.
900 4615 942 4696 11.
954 4617 994 4670 ri.
1007 4615 1032 4670 1.
1045 4619 1079 4688 (p.
1093 4615 1134 4671 ts.
1146 4616 1186 4670 sd.
1199 4613 1225 4670 2.
1237 4631 1293 4670 sun
1304 4617 1411 4672 stre-u
1424 4635 1448 4687 p.
1460 4618 1520 4689 lb).

530 4699 556 4768 1)
573 4699 701 4754 Vidistin
714 4705 766 4752 not.
780 4698 820 4752 ll.
