3792 5609
925 765 1106 865 Q...

447 952 653 1049 oppinum),
667 951 726 1020 stoi
740 948 959 1041 oiorrotpdeic
971 946 1146 1019 Πανδίονι.
1169 954 1301 1019 Fuerunt
1312 955 1407 1037 igitur,
1418 955 1469 1037 qui
1480 957 1611 1037 Aegeum

447 1073 498 1128 eut
511 1060 604 1143 Scprii
615 1070 667 1123 ent
677 1058 789 1121 Phemii
804 1056 897 1119 tilium
911 1056 1051 1119 dicerent.
1078 1058 1119 1119 hc
1129 1056 1166 1119 de
1175 1056 1300 1120 Phemio
1311 1058 1430 1139 quidem
1441 1076 1504 1123 non
1516 1058 1610 1121 haheo

448 1182 529 1229 nunc
542 1162 624 1243 quod
638 1160 749 1223 dicam:
769 1158 863 1239 Scyrii
881 1166 981 1221 autern
1001 1175 1113 1221 nornen
1132 1175 1193 1221 non
1210 1168 1308 1239 potest
1322 1178 1384 1223 non
1400 1161 1482 1241 Sep-i
1498 1158 1613 1224 insulae

448 1285 504 1330 nos
518 1266 692 1337 admonere,
713 1280 774 1345 quo
793 1260 882 1324 etiam
903 1258 1090 1323 concessisse
1103 1258 1192 1339 teget
1213 1260 1305 1323 tutum
1320 1260 1467 1325 Theseum
1482 1262 1614 1343 pierique

447 1376 628 1442 memormt,
643 1385 737 1448 quum
757 1366 816 1429 iarn
835 1382 925 1427 senex
944 1363 982 1427 ah
1003 1362 1179 1427 adversariis
1194 1360 1364 1427 Pellentidis
1378 1364 1504 1428 Atticam
1522 1364 1613 1428 relin-

448 1490 539 1553 quere
553 1479 721 1553 cogeretur,
736 1458 838 1553 αἴσης
852 1456 944 1551 αἰνῷ
959 1460 1045 1549 πρὸς
1058 1458 1136 1541 τοῦς
1149 1457 1220 1528 teet
1233 1457 1352 1551 φιλίας
1366 1460 1424 1530 καὶ
1437 1458 1566 1549 χωρίων
1579 1460 1614 1531 ἐν

447 1576 491 1659 τῇ
509 1569 599 1661 νήσῳ
619 1563 798 1657 πατρῴων,
820 1580 854 1634 ut
871 1580 918 1632 est
937 1568 1016 1651 apud
1031 1567 1223 1631 Plutarchum
1243 1586 1268 1631 c.
1285 1566 1336 1631 35.
1366 1569 1409 1632 Re
1428 1587 1495 1633 vera
1514 1578 1613 1633 autern

448 1680 579 1759 Aegeum
598 1693 662 1739 non
680 1675 770 1738 atium
791 1692 880 1755 quam
901 1671 1074 1754 Neptunum
1095 1690 1162 1735 esse
1180 1688 1236 1753 pro
1257 1679 1338 1735 certo
1358 1672 1505 1737 affirmare
1530 1672 1612 1735 ticet:

448 1780 721 1863 Neptuniarumquc
739 1775 915 1858 religionum
936 1775 1023 1839 sedes
1043 1774 1202 1857 praecipua
1228 1784 1258 1837 et
1279 1774 1485 1857 unuquissima
1512 1774 1542 1838 in
1568 1774 1614 1838 itta

451 1882 548 1946 insuta
561 1880 655 1945 fuisse
668 1878 805 1943 ridetur⁴
818 1882 857 1956 Ι),
872 1878 952 1941 unde
967 1879 1086 1951 iactum,
1103 1886 1136 1941 ut
1150 1876 1213 1959 ipse
1228 1878 1301 1942 deus
1313 1878 1404 1961 Scyro
1420 1878 1574 1951 oriundus,
1587 1887 1617 1940 rt

451 1994 611 2068 postquam
625 2002 660 2047 cx
675 1982 731 2045 deo
746 1979 834 2062 Aegei
847 1979 970 2043 nomine
986 1980 1015 2043 in
1031 1980 1183 2044 hominem
1200 1982 1427 2045 transformatus
1442 1990 1497 2057 est,
1513 1980 1614 2063 Scprio

451 2095 535 2167 patre
556 2094 718 2167 prognatus
736 2100 804 2145 esse
821 2080 979 2144 diceretur.
1013 2080 1142 2165 Neptuni
1162 2092 1262 2149 autem
1282 2086 1393 2149 cultum
1419 2085 1498 2167 apud
1517 2085 1615 2158 lones,

450 2206 512 2251 non
530 2186 733 2251 Muellerienos
759 2185 833 2248 istos
852 2182 945 2247 Xuthi
965 2184 1103 2259 comites,
1125 2186 1177 2249 sed
1198 2196 1308 2251 soteres
1328 2188 1394 2251 iilos
1413 2195 1442 2249 et
1461 2186 1616 2267 genuinos,

450 2290 488 2353 ad
507 2310 585 2371 quos
603 2288 693 2371 prisci
708 2286 794 2350 testo
813 2286 925 2368 puriter
943 2305 1013 2350 cuns
1034 2286 1159 2371 Sennis,
1178 2288 1348 2353 Troezeniis
1368 2288 1492 2369 aliisque
1512 2286 1614 2351 ruuttis

451 2393 607 2474 portinent,
620 2390 747 2455 maxime
762 2389 892 2470 riguisse
906 2407 997 2451 nemo
1012 2392 1116 2455 nescit.
1144 2390 1341 2455 Erechtheum
1354 2408 1474 2473 quoque
1486 2388 1615 2472 Neptuni

452 2510 617 2576 cognomen
632 2512 699 2556 csse
713 2493 903 2568 constat⁴²).
930 2490 1017 2565 Quod
1033 2511 1126 2574 quum
1142 2502 1172 2555 et
1185 2492 1266 2557 hune
1277 2501 1307 2557 et
1317 2494 1446 2575 hegoum
1459 2490 1615 2573 aliquando

450 2612 591 2675 regnasse
604 2592 728 2656 Athenis
743 2592 858 2657 tabulae
873 2591 997 2664 ferrem,
1018 2594 1200 2675 posteriores
1215 2594 1435 2677 mpthogrephh
1456 2592 1506 2675 qui
1521 2610 1616 2675 quan·

452 2696 519 2760 darn
533 2716 636 2779 rmusn
651 2693 759 2758 seriem
774 2715 809 2758 ex
823 2694 1046 2759 narrationibus
1058 2696 1144 2760 uariis
1156 2706 1244 2779 atque
1254 2696 1376 2759 dirersis
1391 2696 1616 2770 concinnarunt,

451 2798 650 2879 quommodo
665 2795 812 2860 Grannum
827 2797 993 2879 quendam,
1008 2798 1100 2861 modo
1116 2799 1287 2881 Cecropem,
1302 2798 1394 2863 modo
1409 2797 1616 2869 Erechtheum,

451 2900 542 2964 modo
554 2903 684 2982 Aegrum
699 2898 797 2979 regiae
811 2897 913 2980 stirpis
928 2907 1065 2963 auctores
1080 2899 1228 2965 nominari
1244 2900 1383 2973 riderent,
1399 2918 1539 2982 regnasse
1550 2897 1618 2980 qui·

451 3003 519 3066 dein
534 3003 592 3067 hos
606 3021 727 3079 onmes,
745 3002 799 3065 sod
814 3000 905 3067 aliurn
919 3002 975 3067 aiio
992 3012 1126 3087 tompore
1141 3012 1321 3079 statuerunt,
1342 3002 1427 3085 eique
1446 3000 1553 3067 rationi
1574 3003 1618 3064 ia-

450 3105 536 3170 hulss
550 3105 829 3181 aeeornmodamnt,
844 3100 908 3169 eliis
923 3104 1039 3179 ascitis,
1055 3106 1119 3171 eliis
1135 3106 1265 3181 reiectis,
1281 3106 1345 3171 eliis
1360 3106 1448 3171 etiam
1465 3126 1500 3171 ex
1516 3104 1617 3169 conio·

451 3219 536 3273 ctura
550 3208 710 3291 suppletis,
729 3219 819 3292 prout
832 3229 882 3273 res
898 3210 1024 3286 serebat,
1044 3210 1203 3293 malique,
1224 3210 1250 3275 si
1265 3228 1327 3273 non
1343 3228 1423 3285 sera,
1443 3228 1505 3274 non
1521 3219 1619 3274 tanmn

450 3312 514 3375 scri
533 3311 688 3375 dissimilis
707 3330 811 3393 regum
832 3310 985 3375 successio
1005 3323 1035 3375 et
1053 3313 1168 3394 species
1188 3312 1333 3395 quaedam
1352 3310 1493 3375 historiae
1513 3310 1618 3375 evade·

452 3420 570 3493 tow).
600 3414 653 3477 liis
678 3412 765 3494 igitur
790 3414 957 3477 sahulemm
982 3414 1243 3479 concinnatoribus
1270 3434 1363 3495 quum
1389 3413 1458 3477 iilud
1485 3412 1617 3487 debetur,

453 3515 533 3595 quod
547 3514 760 3578 nonnullorum
774 3532 921 3595 personae
935 3514 1100 3597 duplicatae
1111 3525 1189 3592 sunt,
1203 3525 1237 3580 ut
1248 3514 1362 3589 Crenai,
1377 3514 1617 3596 Cecropis‚1‘an·

457 3614 570 3690 Nono,
589 3624 653 3678 tum
672 3615 753 3697 quod
768 3614 848 3678 alteri
863 3615 1010 3679 Pandioni
1025 3617 1224 3693 Erechtheus,
1243 3616 1324 3682 elteri
1338 3619 1452 3697 Aegeus
1474 3614 1549 3677 fitius
1569 3624 1620 3679 aut

459 3716 598 3779 naturalis
615 3724 667 3779 aut
677 3716 835 3797 adoptivus
850 3727 906 3781 est
935 3717 994 3781 Sed
1010 3718 1147 3800 quamvis
1163 3718 1254 3783 iutilia
1269 3718 1342 3783 haec
1356 3725 1524 3781 commenta
1538 3724 1568 3780 et
1582 3718 1618 3781 ad

459 3834 557 3879 serens
575 3837 674 3882 rerum
695 3818 893 3899 cognitionem
914 3818 1028 3884 inutilia
1043 3820 1117 3897 sint,
1140 3820 1199 3884 hoc
1218 3828 1317 3884 tamen
1336 3818 1496 3883 identidem
1515 3820 1619 3883 adver-

458 3918 577 3981 tendum
597 3940 664 3983 csse
681 3921 886 3996 monebimus,
900 3923 982 4004 quod
997 3941 1086 3986 nemo
1101 3940 1137 3986 ex
1152 3922 1207 3986 illis
1222 3920 1445 4005 mpthogrephis
1459 3938 1557 4003 neque
1571 3939 1619 3984 re-

460 4037 551 4101 gnum
566 4040 584 4083 a
596 4021 697 4087 Xutho
710 4034 763 4088 aut
776 4024 841 4090 eius
856 4024 916 4089 tilio
931 4035 1125 4109 occupatum,
1143 4044 1239 4107 neque
1252 4026 1383 4109 Aegeum
1405 4032 1457 4089 aut
1470 4022 1620 4087 Theseum

414 4114 447 4168 ¹³
463 4118 559 4205 aliqua
572 4124 746 4207 copuauone
760 4148 829 4194 orm
842 4128 891 4193 his
905 4128 1084 4195 comendes
1098 4146 1166 4193 esse
1180 4126 1308 4193 tradidit.
1337 4127 1414 4193 Hinc
1427 4125 1507 4191 enirn
1521 4126 1620 4191 meni·

460 4310 721 4328 *ω’-ο...
733 4320 759 4329 „-

526 4414 568 4481 40)
586 4412 710 4487 epops.
724 4434 750 4474 ν.
765 4420 840 4477 4324.

526 4501 570 4565 41)
589 4503 627 4555 Gi.
640 4502 747 4558 Prciicr.
761 4506 868 4576 ttpstot.
880 4508 901 4563 ΙΙ
913 4527 938 4579 p.
953 4509 1010 4564 191.

525 4584 569 4651 42)
588 4585 754 4643 emtus-n
765 4590 851 4647 latren
862 4596 1037 4669 steeempsn
1048 4606 1076 4651 et
1084 4594 1189 4651 Peteon
1201 4592 1303 4651 ionibus
1314 4594 1456 4651 mustias
1469 4595 1545 4648 etiem
1553 4592 1618 4647 Cer·

459 4670 509 4726 tine
519 4671 638 4726 attribuit
648 4689 673 4743 p.
686 4673 701 4728 2
714 4684 742 4729 ct
752 4692 777 4746 p.
789 4676 832 4732 20.

525 4757 570 4827 α)
587 4756 959 4837 cumennora.
983 4768 1332 4843 sunnonis-‚pua
