3792 5609
887 807 1044 907 ων..

401 1003 509 1066 dieiale
523 1011 553 1064 et
565 1001 758 1078 senatorium,
771 1001 866 1064 eidem
878 1001 999 1082 collegio
1011 1001 1150 1064 mandata
1163 1003 1267 1080 tarent,
1282 1001 1340 1066 nisi
1352 1003 1380 1066 id
1393 1003 1572 1086 antiquitatis

400 1104 541 1187 exemplo
554 1106 663 1168 laetum
674 1113 764 1166 esset
787 1105 922 1168 Ceterum
934 1123 994 1186 quo
1006 1103 1100 1186 inagis
1113 1105 1193 1186 regio
1206 1105 1330 1188 imperio
1342 1107 1450 1171 abolito
1462 1106 1572 1170 sumaui

401 1206 596 1286 aaaagistratus
611 1216 744 1288 potestas
760 1206 909 1288 paullatim
924 1206 1060 1268 iaaanainui
1076 1207 1187 1288 eoepit,
1207 1229 1243 1270 eo
1260 1209 1388 1273 aaaaiores
1403 1220 1430 1272 et
1446 1209 1573 1292 aaarplio·

401 1327 456 1370 res
477 1318 597 1370 senatus
617 1307 695 1370 illius
715 1317 813 1390 partes
828 1307 858 1368 in
872 1307 1103 1372 administranda
1120 1327 1150 1370 re
1165 1309 1279 1389 publiea
1294 1312 1384 1374 lautas
1399 1331 1466 1374 esse
1481 1329 1573 1392 aqam·

402 1419 464 1484 tet;
490 1409 685 1489 quamobrem
706 1410 801 1473 ltraoo
825 1408 946 1471 alteram
967 1409 1057 1471 odieii
1079 1421 1207 1491 purtem,
1234 1409 1339 1474 iudicia
1358 1413 1393 1474 de
1413 1411 1573 1498 φονικοῖς,

402 1511 446 1574 ab
462 1509 656 1592 Areopagitas
675 1511 713 1574 ari
732 1529 842 1573 norum
858 1510 1008 1592 quoddam
1023 1511 1177 1592 robegium
1194 1511 1356 1586 transtulit,
1376 1523 1409 1576 ut
1425 1513 1573 1576 senatorio

403 1622 524 1676 tantum
543 1632 680 1688 munere,
700 1623 729 1674 et
750 1612 776 1674 si
796 1631 854 1694 aqua
874 1623 958 1676 orant
978 1611 1084 1676 iudicia
1104 1613 1291 1696 publicorum
1312 1613 1486 1677 delictorum
1506 1633 1573 1678 euru

403 1716 469 1778 boe
483 1733 606 1777 munere
621 1715 794 1790 coniuncta,
809 1715 1003 1796 Areopagitae
1018 1717 1222 1796 lunger·entur;
1241 1714 1350 1778 scilicet
1366 1735 1425 1797 aquo
1440 1726 1469 1779 et
1483 1735 1575 1797 nego-

404 1819 520 1880 tiorum
541 1817 699 1881 multitudo
713 1817 827 1880 senatui
843 1817 1024 1881 minueretur
1038 1829 1067 1880 et
1082 1817 1215 1882 iudiciale
1231 1837 1340 1881 nrunus
1357 1819 1524 1899 diligentius
1539 1819 1576 1882 ab

406 1921 448 1984 iis
468 1931 643 1995 seruaretur,
665 1920 716 2001 qui
731 1919 801 1984 lmie
815 1919 867 1983 uni
882 1919 925 1983 rei
940 1917 1043 1983 intenti
1058 1930 1166 1984 essent.
1200 1921 1263 1983 llos
1278 1921 1336 1984 iam
1352 1919 1419 1982 inde
1434 1940 1449 1984 a
1465 1921 1576 1984 Draco·

407 2023 460 2086 nis
479 2030 616 2103 ternpore
634 2041 729 2086 unum
748 2032 777 2086 et
797 2022 1008 2104 quinquaginta
1029 2023 1121 2086 luisse
1136 2023 1237 2086 Pollux
1258 2023 1358 2087 testari
1380 2023 1507 2098 statum,
1526 2023 1577 2105 qui

408 2143 573 2200 numerus,
599 2123 625 2188 si
646 2144 733 2188 rems
752 2134 813 2197 est,
839 2125 878 2186 ita
897 2125 1025 2188 fortasse
1045 2135 1144 2208 potest
1163 2125 1313 2208 explicari,
1335 2135 1368 2188 ut
1386 2125 1577 2206 quadraginta

410 2239 482 2292 octo
509 2228 656 2292 iudicibus
683 2228 814 2291 tributim
834 2227 930 2304 lectis,
957 2229 1102 2292 duodenis
1123 2229 1232 2292 seilicet
1252 2249 1268 2290 e
1288 2227 1412 2309 singulis
1431 2226 1577 2303 tribubus,

412 2343 475 2396 tres
490 2341 625 2414 exegetas
640 2332 789 2395 assedisse
804 2340 980 2406 statuamus,
994 2333 1057 2394 lue.
1074 2332 1145 2396 imis
1161 2331 1236 2396 sarri
1252 2331 1435 2414 interpretes,
1450 2349 1576 2413 aquomm

372 2449 389 2501 ‘t
411 2436 546 2500 consiliis
566 2436 606 2498 illi
624 2454 686 2498 uam
707 2445 843 2519 poteraut
863 2454 924 2497 urm
944 2435 1119 2517 saepissime
1138 2435 1268 2514 indigere
1280 2441 1286 2479 ¹
1300 2439 1338 2512 ὃ).
1376 2432 1507 2516 Epirotae
1526 2453 1579 2498 eru

412 2539 484 2602 dicti
503 2539 579 2612 aiut,
594 2539 690 2602 uariae
708 2548 779 2601 suut
794 2538 964 2600 sententiae.
999 2538 1092 2601 b'obis
1108 2557 1168 2602 non
1184 2537 1377 2618 improbabile
1392 2538 1508 2600 ridetur
1521 2557 1578 2600 no·

412 2660 484 2704 meu
503 2651 661 2723 propterea
679 2639 805 2703 inditum
825 2660 904 2713 esse,
922 2640 1003 2720 equod
1019 2641 1136 2720 cognita
1150 2660 1238 2703 eatasa
1254 2631 1392 2726 ἐφίεσαν
1405 2661 1431 2702 ν.
1446 2632 1579 2726 ἐφίεντο

413 2746 479 2808 lae.
499 2744 735 2828 praecipiebant,
755 2743 825 2825 aquid
843 2743 945 2805 dureo
962 2742 1128 2806 laciendum
1143 2752 1236 2820 esset,
1257 2753 1357 2807 uuum
1373 2742 1518 2825 supplicio
1535 2745 1579 2804 al-

413 2848 472 2924 bei,
488 2866 528 2911 au
541 2848 669 2921 exulare,
683 2865 723 2909 an
737 2847 847 2931 expiari
862 2847 980 2909 deberet
992 2852 999 2891 ¹
1011 2849 1052 2926 ⁰).

418 3025 483 3034 ⁵—-
495 3024 588 3032 ---.--=-
637 3025 643 3030 .

412 3107 460 3159 aas
471 3096 549 3171 agere
561 3107 637 3159 velit:
650 3123 715 3157 unus
726 3111 810 3156 autom
822 3105 906 3168 loeus,
919 3103 960 3169 qui
974 3102 1065 3154 merito
1078 3103 1191 3168 oll'nrrdit,
1206 3121 1229 3171 p.
1240 3103 1281 3168 bl,
1293 3103 1325 3155 20
1338 3101 1443 3168 Goettl,
1455 3105 1519 3157 baud
1533 3104 1579 3156 du·

414 3193 454 3243 bie
464 3199 603 3259 corruptus
614 3200 664 3255 est,
676 3192 720 3242 aod
734 3198 762 3241 ut
773 3188 848 3241 laeiln
859 3189 1011 3254 glossatoris
1025 3203 1121 3240 manum
1133 3205 1265 3253 agnoscas.

485 3277 526 3342 15)
545 3277 583 3328 lle
595 3277 634 3327 lais
645 3275 763 3341 surgetis
775 3275 825 3326 rial.
838 3291 901 3342 quos
914 3273 1070 3326 laudavimus
1082 3274 1112 3326 nal
1126 3273 1222 3326 lsueum
1236 3293 1259 3343 p.
1270 3275 1332 3342 dds,
1345 3277 1433 3344 quibus
1447 3293 1511 3328 nune
1523 3273 1580 3327 adali

413 3363 510 3432 poterit
522 3361 662 3414 Muellerus
673 3378 761 3413 ronam.
774 3361 798 3412 iu
812 3360 943 3412 Eumenid,
957 3377 981 3428 p.
994 3359 1049 3410 tut.
1067 3387 1101 3397 -
1118 3361 1235 3412 Ceterum
1248 3363 1331 3414 obitur
1343 3363 1389 3414 bue
1401 3379 1499 3431 quoque
1512 3379 1580 3412 aaran·

412 3449 600 3501 nemonnduaa
612 3447 722 3512 ridetur,
739 3463 813 3515 quum
825 3463 840 3498 a
853 3446 990 3498 leuissimis
1008 3445 1153 3512 quibusdum
1166 3447 1311 3498 auctoribus
1324 3449 1399 3500 etium
1412 3449 1581 3516 Areopagitae

412 3535 547 3604 aliquado
567 3549 632 3587 auus
652 3541 679 3586 et
700 3531 880 3601 quinquaginta
896 3532 976 3584 luisse
994 3532 1179 3600 perhibeantur,
1201 3534 1247 3585 bue
1264 3548 1352 3584 errore
1370 3534 1433 3586 satis
1449 3535 1581 3586 manifesto

413 3622 559 3675 Plataeruua
572 3628 655 3673 umen
668 3635 714 3688 pro
725 3626 874 3685 argumento
887 3635 959 3670 usum
972 3633 1043 3682 ease,
1058 3625 1085 3669 ut
1098 3619 1217 3686 probaret
1227 3619 1395 3687 Areopagitas
1408 3620 1467 3672 olim
1480 3623 1581 3672 eosdem

413 3718 489 3776 atque
502 3708 613 3777 Epirotas
630 3705 719 3758 luisse.
747 3705 812 3773 Quid
830 3704 882 3756 illis
898 3703 1045 3756 auctoribus
1063 3703 1220 3755 tribuendum
1237 3705 1282 3768 ait,
1299 3704 1384 3756 statim
1398 3706 1541 3773 apparebit,
1560 3706 1581 3758 si

414 3794 493 3846 uerba
505 3809 593 3846 eoruar
605 3810 637 3845 ea
651 3791 756 3846 Aleuraii
770 3791 834 3843 libro
846 3791 878 3842 de
892 3790 986 3858 alraop.
1005 3789 1132 3856 (liranum.
1147 3791 1256 3843 tbesnur.
1270 3789 1301 3842 A.
1312 3787 1342 3842 G.
1357 3797 1415 3842 tona.
1424 3790 1455 3856 V,
1468 3809 1491 3859 p.
1501 3792 1580 3856 2⁰88)

414 3881 583 3950 adscripseris.
608 3879 733 3932 blasimua
744 3877 768 3930 in
782 3877 888 3946 biems.
900 3877 1007 3947 Antip:
1018 3871 1065 3930 'Ila
1077 3871 1131 3948 peip
1144 3877 1200 3930 auia·
1212 3873 1291 3930 tarne
1303 3876 1520 3948 καθισταμένων
1531 3873 1581 3950 dp·
1658 3892 1660 3896 ’

412 3960 666 4034 χόννωνἍθὴνηαν
680 3960 746 4025 roda
754 3958 957 4036 Ἀρεοπαγίτας
970 3963 1025 4018 ddsr
1040 3957 1207 4018 σννισαέναν
1221 3957 1363 4026 draanrrie,
1376 3956 1414 4021 d,-
1425 3957 1581 4034 αησννᾌν-

416 4051 538 4124 dportaov
553 4051 585 4108 la
601 4051 718 4122 δευτέρα
735 4053 791 4105 τῶν
802 4046 948 4105 Ἀτθίδων.
977 4045 1124 4120 ὕστερον
1141 4049 1176 4104 dl
1195 4043 1333 4104 alatrinum
1347 4051 1464 4119 γέγονεν
1476 4045 1491 4117 ἦ
1504 4049 1533 4112 ἐξ
1543 4044 1580 4103 Ἀ.

416 4155 448 4190 aa.
458 4133 553 4205 pauli,
565 4132 749 4200 subsequuta
760 4132 874 4209 ἀνδρῶν
886 4131 1139 4208 περιφανεστάτω
1151 4131 1322 4202 πεντήκοντα
1333 4135 1379 4187 aad
1392 4130 1462 4194 ἑνός.
1487 4135 1580 4202 Georg.

417 4222 600 4292 Pammenia
618 4225 733 4295 paraplr.
745 4224 864 4293 llioupaa
881 4217 928 4276 'Ea
944 4223 1001 4276 τῶν
1018 4221 1097 4278 ἰννία
1113 4222 1331 4294 καθισταμένων
1343 4215 1488 4292 ἀρχόντων·
1498 4216 1581 4290 Ἀθή-

416 4322 499 4377 νησιν
510 4307 566 4364 ἴδεν
579 4304 644 4370 τοὺς
652 4305 854 4385 Ἀρεοπαγίτας
864 4307 951 4376 εἶναι,
967 4295 1008 4363 ὧν
1019 4303 1146 4384 ἀριθμὸς
1157 4310 1197 4368 ate
1208 4305 1256 4363 iad
1268 4308 1315 4360 aad
1329 4301 1501 4375 nutriamus
1514 4303 1581 4362 dno·

417 4395 513 4448 dodau.
1346 4401 1349 4408 '

487 4481 528 4546 ld)
547 4475 673 4552 'qudum
690 4499 716 4536 ν.
728 4481 862 4554 ἐφίεσθαι
880 4483 1050 4553 praecipiendi
1068 4481 1151 4548 aiguil'.
1164 4481 1227 4534 aatia
1244 4487 1329 4533 namu
1346 4487 1394 4533 est.
1409 4507 1445 4518 -
1462 4479 1581 4534 Aluelleri

418 4567 557 4634 mutanda,
572 4568 643 4619 eaiua
659 4583 735 4637 supra
751 4569 901 4621 mationem
917 4568 1035 4634 terimus,
1053 4569 1135 4621 suiuus
1151 4569 1235 4637 ptaeet
1246 4573 1395 4636 propterea,
1413 4565 1478 4633 quud
1490 4565 1580 4619 iudicia

417 4647 522 4723 goraaal
538 4667 570 4704 eo
587 4653 670 4722 patius
686 4653 792 4705 coasilio
803 4653 919 4707 instituta
930 4663 1017 4719 eraut,
1035 4662 1064 4708 ut
1076 4653 1231 4706 obsisterent
1241 4651 1330 4705 ultioni
1342 4651 1457 4720 privatas
1469 4649 1519 4702 τοῦ
1530 4644 1581 4704 ria-

417 4731 568 4810 dpqddauu,
585 4754 658 4807 quan
674 4747 704 4792 ut
718 4739 784 4791 laaae
799 4739 963 4794 iaaraitteaaat
976 4741 1001 4794 iu
1012 4741 1195 4794 adversarium.
1222 4737 1310 4806 Neque
1321 4737 1387 4790 eninr
1399 4736 1438 4789 illi
1449 4735 1580 4806 quidquam
1647 4735 1648 4738 ’

417 4823 532 4879 ralirtu
548 4832 618 4893 erat,
635 4824 683 4878 nisi
699 4833 729 4878 at
743 4835 887 4880 seruarat:
905 4828 1095 4881 aoadeuauatuan
1113 4839 1183 4880 reum
1200 4832 1246 4880 aut
1260 4823 1383 4894 suppliaiu
1400 4820 1527 4876 afficiebat
1537 4830 1582 4875 aut
