<?xml version="1.0" encoding="UTF-8"?>
<!DOCTYPE html PUBLIC "-//W3C//DTD XHTML 1.0 Transitional//EN"
    "http://www.w3.org/TR/xhtml1/DTD/xhtml1-transitional.dtd">
<html xmlns="http://www.w3.org/1999/xhtml" xml:lang="en" lang="en">
 <head>
  <title>
</title>
<meta http-equiv="Content-Type" content="text/html;charset=utf-8" />
  <meta name='ocr-system' content='tesseract 3.04.00' />
  <meta name='ocr-capabilities' content='ocr_page ocr_carea ocr_par ocr_line ocrx_word'/>
</head>
<body>
  <div class='ocr_page' id='page_1' title='image "./opusculaacademi02schgoog_0379.png"; bbox 0 0 3792 5609; ppageno 0'>
   <div class='ocr_carea' id='block_1_1' title="bbox 957 837 1020 902">
    <p class='ocr_par' dir='ltr' id='par_1_1' title="bbox 957 837 1020 902">
     <span class='ocr_line' id='line_1_1' title="bbox 957 837 1020 902; baseline 0.016 -1"><span class='ocrx_word' id='word_1_1' title='bbox 957 837 1020 902; x_wconf 82' lang='grc'>346</span> 
     </span>
    </p>
   </div>
   <div class='ocr_carea' id='block_1_2' title="bbox 349 1025 1592 3825">
    <p class='ocr_par' dir='ltr' id='par_1_2' title="bbox 349 1025 1592 3825">
     <span class='ocr_line' id='line_1_2' title="bbox 403 1025 1568 1112; baseline 0.004 -19"><span class='ocrx_word' id='word_1_2' title='bbox 403 1030 533 1094; x_wconf 78' lang='lat' dir='ltr'>lwrulnm</span> <span class='ocrx_word' id='word_1_3' title='bbox 553 1028 605 1105; x_wconf 82' lang='lat' dir='ltr'>sit,</span> <span class='ocrx_word' id='word_1_4' title='bbox 632 1025 790 1092; x_wconf 85' lang='lat' dir='ltr'>notissimo</span> <span class='ocrx_word' id='word_1_5' title='bbox 811 1027 979 1093; x_wconf 74' lang='lat' dir='ltr'>Callimachi</span> <span class='ocrx_word' id='word_1_6' title='bbox 998 1029 1158 1112; x_wconf 75' lang='lat' dir='ltr'>praeconio</span> <span class='ocrx_word' id='word_1_7' title='bbox 1178 1033 1385 1108; x_wconf 79' lang='lat' dir='ltr'><strong>admonemur,</strong></span> <span class='ocrx_word' id='word_1_8' title='bbox 1406 1033 1492 1098; x_wconf 86' lang='lat' dir='ltr'>cuius</span> <span class='ocrx_word' id='word_1_9' title='bbox 1512 1053 1568 1098; x_wconf 83' lang='lat' dir='ltr'>uu-</span> 
     </span>
     <span class='ocr_line' id='line_1_3' title="bbox 355 1129 1569 1220; baseline 0.004 -22"><span class='ocrx_word' id='word_1_10' title='bbox 355 1129 358 1134; x_wconf 76' lang='grc'>’</span> <span class='ocrx_word' id='word_1_11' title='bbox 403 1134 567 1199; x_wconf 81' lang='lat' dir='ltr'>ctoritatonr</span> <span class='ocrx_word' id='word_1_12' title='bbox 594 1130 680 1196; x_wconf 83' lang='lat' dir='ltr'>etiam</span> <span class='ocrx_word' id='word_1_13' title='bbox 700 1130 789 1195; x_wconf 82' lang='lat' dir='ltr'>Diuus</span> <span class='ocrx_word' id='word_1_14' title='bbox 809 1131 919 1196; x_wconf 85' lang='lat' dir='ltr'>Paulus</span> <span class='ocrx_word' id='word_1_15' title='bbox 944 1150 1072 1199; x_wconf 86' lang='lat' dir='ltr'>assensu</span> <span class='ocrx_word' id='word_1_16' title='bbox 1097 1153 1153 1199; x_wconf 89' lang='lat' dir='ltr'>suo</span> <span class='ocrx_word' id='word_1_17' title='bbox 1173 1137 1388 1220; x_wconf 80' lang='lat' dir='ltr'>comprobarit</span> <span class='ocrx_word' id='word_1_18' title='bbox 1431 1138 1569 1204; x_wconf 85' lang='lat' dir='ltr'>Ceterum</span> 
     </span>
     <span class='ocr_line' id='line_1_4' title="bbox 403 1235 1569 1322; baseline 0.003 -18"><span class='ocrx_word' id='word_1_19' title='bbox 403 1237 549 1322; x_wconf 80' lang='lat' dir='ltr'>llelphinii</span> <span class='ocrx_word' id='word_1_20' title='bbox 563 1235 706 1321; x_wconf 74' lang='lat' dir='ltr'>Apollinis</span> <span class='ocrx_word' id='word_1_21' title='bbox 725 1235 953 1320; x_wconf 80' lang='lat' dir='ltr'>appellationem</span> <span class='ocrx_word' id='word_1_22' title='bbox 974 1238 1146 1321; x_wconf 78' lang='lat' dir='ltr'>uallumque</span> <span class='ocrx_word' id='word_1_23' title='bbox 1159 1239 1305 1306; x_wconf 87' lang='lat' dir='ltr'>insulanis</span> <span class='ocrx_word' id='word_1_24' title='bbox 1320 1241 1447 1308; x_wconf 80' lang='lat' dir='ltr'>maxime</span> <span class='ocrx_word' id='word_1_25' title='bbox 1460 1253 1490 1308; x_wconf 92' lang='lat' dir='ltr'>et</span> <span class='ocrx_word' id='word_1_26' title='bbox 1504 1264 1569 1308; x_wconf 88' lang='lat' dir='ltr'>ma·</span> 
     </span>
     <span class='ocr_line' id='line_1_5' title="bbox 403 1340 1592 1431; baseline 0.003 -22"><span class='ocrx_word' id='word_1_27' title='bbox 403 1343 508 1410; x_wconf 83' lang='lat' dir='ltr'>ritinris</span> <span class='ocrx_word' id='word_1_28' title='bbox 528 1341 694 1408; x_wconf 79' lang='lat' dir='ltr'>civitatibus</span> <span class='ocrx_word' id='word_1_29' title='bbox 713 1350 868 1425; x_wconf 82' lang='lat' dir='ltr'>acceptum</span> <span class='ocrx_word' id='word_1_30' title='bbox 889 1341 982 1406; x_wconf 87' lang='lat' dir='ltr'>luisse</span> <span class='ocrx_word' id='word_1_31' title='bbox 1000 1340 1059 1406; x_wconf 87' lang='lat' dir='ltr'>iam</span> <span class='ocrx_word' id='word_1_32' title='bbox 1079 1363 1171 1428; x_wconf 68' lang='lat' dir='ltr'>angara</span> <span class='ocrx_word' id='word_1_33' title='bbox 1189 1344 1263 1421; x_wconf 83' lang='lat' dir='ltr'>dixi,</span> <span class='ocrx_word' id='word_1_34' title='bbox 1284 1355 1373 1430; x_wconf 78' lang='lat' dir='ltr'>atque</span> <span class='ocrx_word' id='word_1_35' title='bbox 1390 1347 1462 1412; x_wconf 87' lang='lat' dir='ltr'>hine</span> <span class='ocrx_word' id='word_1_36' title='bbox 1476 1347 1569 1431; x_wconf 76' lang='lat' dir='ltr'>expli·</span> <span class='ocrx_word' id='word_1_37' title='bbox 1590 1342 1592 1346; x_wconf 68' lang='grc'><strong>’</strong></span> 
     </span>
     <span class='ocr_line' id='line_1_6' title="bbox 404 1445 1571 1536; baseline -0.003 -20"><span class='ocrx_word' id='word_1_38' title='bbox 404 1450 532 1516; x_wconf 71' lang='lat' dir='ltr'>cantium</span> <span class='ocrx_word' id='word_1_39' title='bbox 552 1458 613 1524; x_wconf 82' lang='lat' dir='ltr'>ost,</span> <span class='ocrx_word' id='word_1_40' title='bbox 634 1447 715 1532; x_wconf 79' lang='lat' dir='ltr'>qumi</span> <span class='ocrx_word' id='word_1_41' title='bbox 735 1446 822 1511; x_wconf 86' lang='lat' dir='ltr'>otians</span> <span class='ocrx_word' id='word_1_42' title='bbox 838 1445 995 1528; x_wconf 76' lang='lat' dir='ltr'>religiones</span> <span class='ocrx_word' id='word_1_43' title='bbox 1009 1447 1074 1511; x_wconf 85' lang='lat' dir='ltr'>eius</span> <span class='ocrx_word' id='word_1_44' title='bbox 1089 1446 1120 1511; x_wconf 91' lang='lat' dir='ltr'>in</span> <span class='ocrx_word' id='word_1_45' title='bbox 1134 1447 1182 1512; x_wconf 83' lang='lat' dir='ltr'>lais</span> <span class='ocrx_word' id='word_1_46' title='bbox 1198 1448 1364 1514; x_wconf 82' lang='lat' dir='ltr'>ciuitatibus</span> <span class='ocrx_word' id='word_1_47' title='bbox 1379 1451 1416 1514; x_wconf 78' lang='lat' dir='ltr'>ael</span> <span class='ocrx_word' id='word_1_48' title='bbox 1432 1471 1498 1516; x_wconf 89' lang='lat' dir='ltr'>eam</span> <span class='ocrx_word' id='word_1_49' title='bbox 1513 1471 1571 1536; x_wconf 82' lang='lat' dir='ltr'>po·</span> 
     </span>
     <span class='ocr_line' id='line_1_7' title="bbox 406 1551 1571 1641; baseline -0.002 -19"><span class='ocrx_word' id='word_1_50' title='bbox 406 1555 554 1622; x_wconf 81' lang='lat' dir='ltr'>tissimum</span> <span class='ocrx_word' id='word_1_51' title='bbox 574 1554 728 1620; x_wconf 88' lang='lat' dir='ltr'>notionem</span> <span class='ocrx_word' id='word_1_52' title='bbox 748 1551 796 1617; x_wconf 85' lang='lat' dir='ltr'>Aoi</span> <span class='ocrx_word' id='word_1_53' title='bbox 816 1552 1056 1617; x_wconf 81' lang='lat' dir='ltr'>nooornmorlatas</span> <span class='ocrx_word' id='word_1_54' title='bbox 1070 1571 1138 1617; x_wconf 83' lang='lat' dir='ltr'>esse</span> <span class='ocrx_word' id='word_1_55' title='bbox 1152 1552 1301 1632; x_wconf 75' lang='lat' dir='ltr'>violemus,</span> <span class='ocrx_word' id='word_1_56' title='bbox 1322 1575 1412 1639; x_wconf 66' lang='lat' dir='ltr'>arnam</span> <span class='ocrx_word' id='word_1_57' title='bbox 1427 1555 1468 1621; x_wconf 93' lang='lat' dir='ltr'>ihi</span> <span class='ocrx_word' id='word_1_58' title='bbox 1484 1575 1571 1641; x_wconf 78' lang='lat' dir='ltr'>prae·</span> 
     </span>
     <span class='ocr_line' id='line_1_8' title="bbox 405 1656 1572 1738; baseline 0.001 -12"><span class='ocrx_word' id='word_1_59' title='bbox 405 1661 532 1728; x_wconf 80' lang='lat' dir='ltr'>ualuisse</span> <span class='ocrx_word' id='word_1_60' title='bbox 550 1668 782 1726; x_wconf 75' lang='lat' dir='ltr'>errarentanenrn</span> <span class='ocrx_word' id='word_1_61' title='bbox 803 1667 862 1736; x_wconf 84' lang='lat' dir='ltr'>est,</span> <span class='ocrx_word' id='word_1_62' title='bbox 887 1665 921 1722; x_wconf 88' lang='lat' dir='ltr'>ut</span> <span class='ocrx_word' id='word_1_63' title='bbox 936 1656 1083 1722; x_wconf 79' lang='lat' dir='ltr'>mannaan</span> <span class='ocrx_word' id='word_1_64' title='bbox 1102 1659 1165 1722; x_wconf 81' lang='lat' dir='ltr'>olus</span> <span class='ocrx_word' id='word_1_65' title='bbox 1185 1677 1297 1724; x_wconf 86' lang='lat' dir='ltr'>nunron</span> <span class='ocrx_word' id='word_1_66' title='bbox 1319 1659 1490 1738; x_wconf 82' lang='lat' dir='ltr'>haberetur,</span> <span class='ocrx_word' id='word_1_67' title='bbox 1509 1681 1572 1727; x_wconf 93' lang='lat' dir='ltr'>nou</span> 
     </span>
     <span class='ocr_line' id='line_1_9' title="bbox 406 1762 1572 1851; baseline 0 -19"><span class='ocrx_word' id='word_1_68' title='bbox 406 1770 531 1834; x_wconf 86' lang='lat' dir='ltr'>rrrultunr</span> <span class='ocrx_word' id='word_1_69' title='bbox 557 1787 574 1832; x_wconf 93' lang='lat' dir='ltr'>a</span> <span class='ocrx_word' id='word_1_70' title='bbox 594 1766 734 1851; x_wconf 74' lang='lat' dir='ltr'>lhptuno</span> <span class='ocrx_word' id='word_1_71' title='bbox 761 1765 928 1841; x_wconf 72' lang='lat' dir='ltr'>«illorsum,</span> <span class='ocrx_word' id='word_1_72' title='bbox 955 1773 984 1829; x_wconf 86' lang='lat' dir='ltr'>el</span> <span class='ocrx_word' id='word_1_73' title='bbox 1009 1762 1056 1830; x_wconf 88' lang='lat' dir='ltr'>oui</span> <span class='ocrx_word' id='word_1_74' title='bbox 1081 1764 1208 1850; x_wconf 80' lang='lat' dir='ltr'>prarimle</span> <span class='ocrx_word' id='word_1_75' title='bbox 1230 1764 1318 1831; x_wconf 87' lang='lat' dir='ltr'>etiarn</span> <span class='ocrx_word' id='word_1_76' title='bbox 1339 1765 1451 1830; x_wconf 80' lang='lat' dir='ltr'>nialom</span> <span class='ocrx_word' id='word_1_77' title='bbox 1471 1766 1572 1832; x_wconf 80' lang='lat' dir='ltr'>itialem</span> 
     </span>
     <span class='ocr_line' id='line_1_10' title="bbox 406 1871 1572 1959; baseline 0.001 -20"><span class='ocrx_word' id='word_1_78' title='bbox 406 1885 493 1959; x_wconf 67' lang='lat' dir='ltr'>:uulua</span> <span class='ocrx_word' id='word_1_79' title='bbox 512 1873 581 1939; x_wconf 85' lang='lat' dir='ltr'>lario</span> <span class='ocrx_word' id='word_1_80' title='bbox 600 1871 745 1956; x_wconf 84' lang='lat' dir='ltr'>assignari</span> <span class='ocrx_word' id='word_1_81' title='bbox 765 1871 941 1957; x_wconf 68' lang='lat' dir='ltr'>possuntt).</span> <span class='ocrx_word' id='word_1_82' title='bbox 983 1871 1092 1936; x_wconf 74' lang='lat' dir='ltr'>Crarrtra</span> <span class='ocrx_word' id='word_1_83' title='bbox 1112 1871 1208 1956; x_wconf 62' lang='lat' dir='ltr'>Pythii</span> <span class='ocrx_word' id='word_1_84' title='bbox 1226 1872 1404 1957; x_wconf 81' lang='lat' dir='ltr'>cognomine</span> <span class='ocrx_word' id='word_1_85' title='bbox 1425 1872 1572 1940; x_wconf 85' lang='lat' dir='ltr'>latiAieam</span> 
     </span>
     <span class='ocr_line' id='line_1_11' title="bbox 407 1975 1573 2064; baseline 0.004 -25"><span class='ocrx_word' id='word_1_86' title='bbox 407 1979 598 2064; x_wconf 76' lang='lat' dir='ltr'>potissimum</span> <span class='ocrx_word' id='word_1_87' title='bbox 614 1979 661 2043; x_wconf 81' lang='lat' dir='ltr'>riui</span> <span class='ocrx_word' id='word_1_88' title='bbox 677 1977 735 2042; x_wconf 80' lang='lat' dir='ltr'>rim</span> <span class='ocrx_word' id='word_1_89' title='bbox 751 1988 780 2041; x_wconf 91' lang='lat' dir='ltr'>et</span> <span class='ocrx_word' id='word_1_90' title='bbox 793 1985 929 2042; x_wconf 86' lang='lat' dir='ltr'>naturam</span> <span class='ocrx_word' id='word_1_91' title='bbox 945 1975 1137 2059; x_wconf 79' lang='lat' dir='ltr'>alesigmhant</span> <span class='ocrx_word' id='word_1_92' title='bbox 1151 1977 1365 2064; x_wconf 75' lang='lat' dir='ltr'>religionesque</span> <span class='ocrx_word' id='word_1_93' title='bbox 1379 1979 1447 2046; x_wconf 88' lang='lat' dir='ltr'>huie</span> <span class='ocrx_word' id='word_1_94' title='bbox 1459 1979 1573 2045; x_wconf 87' lang='lat' dir='ltr'>notioni</span> 
     </span>
     <span class='ocr_line' id='line_1_12' title="bbox 349 2082 1574 2168; baseline 0.002 -21"><span class='ocrx_word' id='word_1_95' title='bbox 349 2095 386 2148; x_wconf 75' lang='grc'>12</span> <span class='ocrx_word' id='word_1_96' title='bbox 408 2084 688 2158; x_wconf 73' lang='lat' dir='ltr'>accommodabant,</span> <span class='ocrx_word' id='word_1_97' title='bbox 708 2091 794 2166; x_wconf 79' lang='lat' dir='ltr'>atquo</span> <span class='ocrx_word' id='word_1_98' title='bbox 815 2083 860 2146; x_wconf 86' lang='lat' dir='ltr'>sio</span> <span class='ocrx_word' id='word_1_99' title='bbox 878 2082 957 2166; x_wconf 84' lang='lat' dir='ltr'>apaul</span> <span class='ocrx_word' id='word_1_100' title='bbox 976 2082 1133 2164; x_wconf 81' lang='lat' dir='ltr'>plerosque</span> <span class='ocrx_word' id='word_1_101' title='bbox 1151 2084 1240 2147; x_wconf 78' lang='lat' dir='ltr'>aterius</span> <span class='ocrx_word' id='word_1_102' title='bbox 1259 2083 1308 2148; x_wconf 88' lang='lat' dir='ltr'>dei</span> <span class='ocrx_word' id='word_1_103' title='bbox 1326 2085 1382 2148; x_wconf 88' lang='lat' dir='ltr'>hae</span> <span class='ocrx_word' id='word_1_104' title='bbox 1400 2085 1475 2150; x_wconf 78' lang='lat' dir='ltr'>alnae</span> <span class='ocrx_word' id='word_1_105' title='bbox 1490 2087 1574 2168; x_wconf 83' lang='lat' dir='ltr'>quasi</span> 
     </span>
     <span class='ocr_line' id='line_1_13' title="bbox 409 2185 1575 2273; baseline 0.003 -23"><span class='ocrx_word' id='word_1_106' title='bbox 409 2207 554 2273; x_wconf 62' lang='lat' dir='ltr'>[romonae</span> <span class='ocrx_word' id='word_1_107' title='bbox 581 2187 846 2269; x_wconf 77' lang='lat' dir='ltr'>distinguebantur.</span> <span class='ocrx_word' id='word_1_108' title='bbox 895 2185 926 2249; x_wconf 91' lang='lat' dir='ltr'>hl</span> <span class='ocrx_word' id='word_1_109' title='bbox 954 2185 1041 2249; x_wconf 87' lang='lat' dir='ltr'>otiam</span> <span class='ocrx_word' id='word_1_110' title='bbox 1067 2186 1104 2250; x_wconf 86' lang='lat' dir='ltr'>ah</span> <span class='ocrx_word' id='word_1_111' title='bbox 1126 2186 1356 2252; x_wconf 86' lang='lat' dir='ltr'>Atheniensibus</span> <span class='ocrx_word' id='word_1_112' title='bbox 1382 2190 1491 2253; x_wconf 83' lang='lat' dir='ltr'>Aaotrnn</span> <span class='ocrx_word' id='word_1_113' title='bbox 1516 2200 1575 2255; x_wconf 87' lang='lat' dir='ltr'>est:</span> 
     </span>
     <span class='ocr_line' id='line_1_14' title="bbox 408 2289 1575 2377; baseline 0.003 -23"><span class='ocrx_word' id='word_1_114' title='bbox 408 2311 588 2377; x_wconf 68' lang='lat' dir='ltr'>aguanrquam</span> <span class='ocrx_word' id='word_1_115' title='bbox 608 2290 687 2373; x_wconf 77' lang='lat' dir='ltr'>apud</span> <span class='ocrx_word' id='word_1_116' title='bbox 707 2291 764 2354; x_wconf 91' lang='lat' dir='ltr'>hos</span> <span class='ocrx_word' id='word_1_117' title='bbox 783 2307 876 2354; x_wconf 90' lang='lat' dir='ltr'>unurn</span> <span class='ocrx_word' id='word_1_118' title='bbox 893 2298 991 2352; x_wconf 80' lang='lat' dir='ltr'>tannen</span> <span class='ocrx_word' id='word_1_119' title='bbox 1007 2289 1206 2354; x_wconf 82' lang='lat' dir='ltr'>certissimum</span> <span class='ocrx_word' id='word_1_120' title='bbox 1222 2300 1309 2375; x_wconf 87' lang='lat' dir='ltr'>atquo</span> <span class='ocrx_word' id='word_1_121' title='bbox 1322 2291 1575 2358; x_wconf 80' lang='lat' dir='ltr'>evidentissimum</span> 
     </span>
     <span class='ocr_line' id='line_1_15' title="bbox 409 2393 1576 2480; baseline 0.003 -21"><span class='ocrx_word' id='word_1_122' title='bbox 409 2399 620 2460; x_wconf 85' lang='lat' dir='ltr'>alorrnnentnm</span> <span class='ocrx_word' id='word_1_123' title='bbox 636 2403 786 2458; x_wconf 83' lang='lat' dir='ltr'>serratum</span> <span class='ocrx_word' id='word_1_124' title='bbox 802 2393 951 2468; x_wconf 77' lang='lat' dir='ltr'>alienius,</span> <span class='ocrx_word' id='word_1_125' title='bbox 973 2394 1051 2457; x_wconf 74' lang='lat' dir='ltr'>rrnrle</span> <span class='ocrx_word' id='word_1_126' title='bbox 1065 2404 1221 2478; x_wconf 78' lang='lat' dir='ltr'>appareat,</span> <span class='ocrx_word' id='word_1_127' title='bbox 1235 2394 1421 2478; x_wconf 79' lang='lat' dir='ltr'>llelphinium</span> <span class='ocrx_word' id='word_1_128' title='bbox 1437 2397 1576 2480; x_wconf 83' lang='lat' dir='ltr'>primitus</span> 
     </span>
     <span class='ocr_line' id='line_1_16' title="bbox 409 2496 1575 2584; baseline 0.001 -18"><span class='ocrx_word' id='word_1_129' title='bbox 409 2519 470 2566; x_wconf 93' lang='lat' dir='ltr'>non</span> <span class='ocrx_word' id='word_1_130' title='bbox 489 2499 578 2564; x_wconf 91' lang='lat' dir='ltr'>alium</span> <span class='ocrx_word' id='word_1_131' title='bbox 598 2519 687 2582; x_wconf 83' lang='lat' dir='ltr'>qrrarn</span> <span class='ocrx_word' id='word_1_132' title='bbox 702 2496 841 2581; x_wconf 71' lang='lat' dir='ltr'>Pythium</span> <span class='ocrx_word' id='word_1_133' title='bbox 856 2497 989 2560; x_wconf 88' lang='lat' dir='ltr'>habitum</span> <span class='ocrx_word' id='word_1_134' title='bbox 1005 2517 1084 2562; x_wconf 87' lang='lat' dir='ltr'>esse.</span> <span class='ocrx_word' id='word_1_135' title='bbox 1116 2499 1209 2564; x_wconf 78' lang='lat' dir='ltr'>Erant</span> <span class='ocrx_word' id='word_1_136' title='bbox 1222 2498 1303 2562; x_wconf 88' lang='lat' dir='ltr'>enim</span> <span class='ocrx_word' id='word_1_137' title='bbox 1318 2500 1439 2563; x_wconf 80' lang='lat' dir='ltr'>Athenis</span> <span class='ocrx_word' id='word_1_138' title='bbox 1454 2502 1575 2584; x_wconf 82' lang='lat' dir='ltr'>epheta-</span> 
     </span>
     <span class='ocr_line' id='line_1_17' title="bbox 409 2599 1576 2686; baseline 0.003 -19"><span class='ocrx_word' id='word_1_139' title='bbox 409 2623 475 2668; x_wconf 84' lang='lat' dir='ltr'>rann</span> <span class='ocrx_word' id='word_1_140' title='bbox 491 2600 597 2667; x_wconf 79' lang='lat' dir='ltr'>inelieia</span> <span class='ocrx_word' id='word_1_141' title='bbox 611 2603 648 2664; x_wconf 80' lang='lat' dir='ltr'>sle</span> <span class='ocrx_word' id='word_1_142' title='bbox 663 2601 816 2676; x_wconf 79' lang='lat' dir='ltr'>medilano,</span> <span class='ocrx_word' id='word_1_143' title='bbox 832 2599 887 2664; x_wconf 87' lang='lat' dir='ltr'>alia</span> <span class='ocrx_word' id='word_1_144' title='bbox 902 2599 967 2664; x_wconf 92' lang='lat' dir='ltr'>aliis</span> <span class='ocrx_word' id='word_1_145' title='bbox 981 2602 1056 2665; x_wconf 81' lang='lat' dir='ltr'>iocis</span> <span class='ocrx_word' id='word_1_146' title='bbox 1071 2621 1128 2684; x_wconf 80' lang='lat' dir='ltr'>pro</span> <span class='ocrx_word' id='word_1_147' title='bbox 1144 2603 1232 2666; x_wconf 83' lang='lat' dir='ltr'>variis</span> <span class='ocrx_word' id='word_1_148' title='bbox 1247 2623 1403 2667; x_wconf 85' lang='lat' dir='ltr'>causarum</span> <span class='ocrx_word' id='word_1_149' title='bbox 1418 2606 1576 2686; x_wconf 87' lang='lat' dir='ltr'>gonerihus</span> 
     </span>
     <span class='ocr_line' id='line_1_18' title="bbox 409 2704 1577 2787; baseline 0.005 -19"><span class='ocrx_word' id='word_1_150' title='bbox 409 2707 581 2770; x_wconf 73' lang='lat' dir='ltr'>ruereenrla.</span> <span class='ocrx_word' id='word_1_151' title='bbox 615 2706 729 2768; x_wconf 86' lang='lat' dir='ltr'>llonrnr</span> <span class='ocrx_word' id='word_1_152' title='bbox 750 2723 845 2768; x_wconf 90' lang='lat' dir='ltr'>unum</span> <span class='ocrx_word' id='word_1_153' title='bbox 861 2704 940 2787; x_wconf 80' lang='lat' dir='ltr'>apurl</span> <span class='ocrx_word' id='word_1_154' title='bbox 955 2704 1117 2769; x_wconf 82' lang='lat' dir='ltr'>Palladium</span> <span class='ocrx_word' id='word_1_155' title='bbox 1132 2715 1207 2782; x_wconf 89' lang='lat' dir='ltr'>erat,</span> <span class='ocrx_word' id='word_1_156' title='bbox 1227 2706 1279 2770; x_wconf 88' lang='lat' dir='ltr'>uhi</span> <span class='ocrx_word' id='word_1_157' title='bbox 1293 2707 1330 2770; x_wconf 85' lang='lat' dir='ltr'>‹le</span> <span class='ocrx_word' id='word_1_158' title='bbox 1346 2708 1484 2772; x_wconf 80' lang='lat' dir='ltr'>caedibus</span> <span class='ocrx_word' id='word_1_159' title='bbox 1499 2709 1577 2774; x_wconf 81' lang='lat' dir='ltr'>iurii-</span> 
     </span>
     <span class='ocr_line' id='line_1_19' title="bbox 403 2807 1577 2893; baseline 0.003 -19"><span class='ocrx_word' id='word_1_160' title='bbox 403 2812 532 2875; x_wconf 85' lang='lat' dir='ltr'>.eahatur</span> <span class='ocrx_word' id='word_1_161' title='bbox 545 2807 714 2872; x_wconf 82' lang='lat' dir='ltr'>inconsulto</span> <span class='ocrx_word' id='word_1_162' title='bbox 731 2807 828 2871; x_wconf 83' lang='lat' dir='ltr'>laetis:</span> <span class='ocrx_word' id='word_1_163' title='bbox 844 2807 928 2890; x_wconf 86' lang='lat' dir='ltr'>isque</span> <span class='ocrx_word' id='word_1_164' title='bbox 942 2808 1027 2870; x_wconf 79' lang='lat' dir='ltr'>loeus</span> <span class='ocrx_word' id='word_1_165' title='bbox 1042 2809 1111 2870; x_wconf 88' lang='lat' dir='ltr'>huie</span> <span class='ocrx_word' id='word_1_166' title='bbox 1122 2807 1230 2872; x_wconf 85' lang='lat' dir='ltr'>indicio</span> <span class='ocrx_word' id='word_1_167' title='bbox 1241 2819 1398 2891; x_wconf 75' lang='lat' dir='ltr'>propterea</span> <span class='ocrx_word' id='word_1_168' title='bbox 1409 2811 1577 2893; x_wconf 86' lang='lat' dir='ltr'>assignatus</span> 
     </span>
     <span class='ocr_line' id='line_1_20' title="bbox 409 2910 1576 2996; baseline 0.003 -21"><span class='ocrx_word' id='word_1_169' title='bbox 409 2921 486 2988; x_wconf 88' lang='lat' dir='ltr'>erat,</span> <span class='ocrx_word' id='word_1_170' title='bbox 506 2911 602 2994; x_wconf 77' lang='lat' dir='ltr'>quoii,</span> <span class='ocrx_word' id='word_1_171' title='bbox 622 2929 714 2992; x_wconf 80' lang='lat' dir='ltr'>qurum</span> <span class='ocrx_word' id='word_1_172' title='bbox 730 2910 894 2974; x_wconf 82' lang='lat' dir='ltr'>Pallarliurn</span> <span class='ocrx_word' id='word_1_173' title='bbox 913 2911 984 2975; x_wconf 79' lang='lat' dir='ltr'>illuri</span> <span class='ocrx_word' id='word_1_174' title='bbox 1000 2911 1091 2974; x_wconf 84' lang='lat' dir='ltr'>Troia</span> <span class='ocrx_word' id='word_1_175' title='bbox 1109 2920 1194 2992; x_wconf 83' lang='lat' dir='ltr'>copta</span> <span class='ocrx_word' id='word_1_176' title='bbox 1212 2911 1249 2975; x_wconf 84' lang='lat' dir='ltr'>ah</span> <span class='ocrx_word' id='word_1_177' title='bbox 1264 2912 1377 2994; x_wconf 80' lang='lat' dir='ltr'>Argiuis</span> <span class='ocrx_word' id='word_1_178' title='bbox 1397 2913 1576 2996; x_wconf 79' lang='lat' dir='ltr'>quihusalam</span> 
     </span>
     <span class='ocr_line' id='line_1_21' title="bbox 411 3012 1576 3090; baseline -0.001 -11"><span class='ocrx_word' id='word_1_179' title='bbox 411 3017 441 3080; x_wconf 92' lang='lat' dir='ltr'>in</span> <span class='ocrx_word' id='word_1_180' title='bbox 456 3015 581 3078; x_wconf 75' lang='lat' dir='ltr'>Atticam</span> <span class='ocrx_word' id='word_1_181' title='bbox 601 3012 729 3075; x_wconf 88' lang='lat' dir='ltr'>delatum</span> <span class='ocrx_word' id='word_1_182' title='bbox 750 3023 842 3090; x_wconf 82' lang='lat' dir='ltr'>esset,</span> <span class='ocrx_word' id='word_1_183' title='bbox 862 3013 901 3078; x_wconf 92' lang='lat' dir='ltr'>ihi</span> <span class='ocrx_word' id='word_1_184' title='bbox 916 3013 1077 3076; x_wconf 79' lang='lat' dir='ltr'>certamine</span> <span class='ocrx_word' id='word_1_185' title='bbox 1092 3013 1170 3077; x_wconf 90' lang='lat' dir='ltr'>inter</span> <span class='ocrx_word' id='word_1_186' title='bbox 1182 3013 1241 3077; x_wconf 88' lang='lat' dir='ltr'>hos</span> <span class='ocrx_word' id='word_1_187' title='bbox 1255 3023 1286 3078; x_wconf 90' lang='lat' dir='ltr'>et</span> <span class='ocrx_word' id='word_1_188' title='bbox 1299 3015 1494 3079; x_wconf 72' lang='lat' dir='ltr'>Athenienses</span> <span class='ocrx_word' id='word_1_189' title='bbox 1510 3024 1576 3078; x_wconf 91' lang='lat' dir='ltr'>orto</span> 
     </span>
     <span class='ocr_line' id='line_1_22' title="bbox 410 3113 1578 3203; baseline -0.001 -21"><span class='ocrx_word' id='word_1_190' title='bbox 410 3119 521 3203; x_wconf 81' lang='lat' dir='ltr'>aliquot</span> <span class='ocrx_word' id='word_1_191' title='bbox 539 3115 676 3181; x_wconf 87' lang='lat' dir='ltr'>hominos</span> <span class='ocrx_word' id='word_1_192' title='bbox 697 3113 866 3179; x_wconf 84' lang='lat' dir='ltr'>inconsulto</span> <span class='ocrx_word' id='word_1_193' title='bbox 885 3115 922 3178; x_wconf 89' lang='lat' dir='ltr'>ah</span> <span class='ocrx_word' id='word_1_194' title='bbox 944 3115 1150 3198; x_wconf 71' lang='lat' dir='ltr'>ignorantibus</span> <span class='ocrx_word' id='word_1_195' title='bbox 1170 3116 1261 3179; x_wconf 83' lang='lat' dir='ltr'>oeeisi</span> <span class='ocrx_word' id='word_1_196' title='bbox 1281 3119 1453 3196; x_wconf 65' lang='lat' dir='ltr'>essentttl.</span> <span class='ocrx_word' id='word_1_197' title='bbox 1491 3118 1578 3200; x_wconf 78' lang='lat' dir='ltr'>Apul</span> 
     </span>
     <span class='ocr_line' id='line_1_23' title="bbox 404 3211 1578 3305; baseline 0 -20"><span class='ocrx_word' id='word_1_198' title='bbox 404 3211 598 3305; x_wconf 84' lang='lat' dir='ltr'>¹llelphinium</span> <span class='ocrx_word' id='word_1_199' title='bbox 615 3217 765 3282; x_wconf 81' lang='lat' dir='ltr'>antemio</span> <span class='ocrx_word' id='word_1_200' title='bbox 780 3217 927 3282; x_wconf 83' lang='lat' dir='ltr'>eiusmodi</span> <span class='ocrx_word' id='word_1_201' title='bbox 943 3219 1041 3282; x_wconf 75' lang='lat' dir='ltr'>saeuis</span> <span class='ocrx_word' id='word_1_202' title='bbox 1056 3217 1197 3284; x_wconf 85' lang='lat' dir='ltr'>iualieium</span> <span class='ocrx_word' id='word_1_203' title='bbox 1212 3229 1289 3295; x_wconf 87' lang='lat' dir='ltr'>orat,</span> <span class='ocrx_word' id='word_1_204' title='bbox 1309 3221 1335 3284; x_wconf 86' lang='lat' dir='ltr'>ui</span> <span class='ocrx_word' id='word_1_205' title='bbox 1350 3221 1418 3303; x_wconf 87' lang='lat' dir='ltr'>quis</span> <span class='ocrx_word' id='word_1_206' title='bbox 1433 3223 1578 3285; x_wconf 82' lang='lat' dir='ltr'>comunis·</span> 
     </span>
     <span class='ocr_line' id='line_1_24' title="bbox 410 3321 1578 3399; baseline -0.002 -9"><span class='ocrx_word' id='word_1_207' title='bbox 410 3347 474 3390; x_wconf 82' lang='lat' dir='ltr'>sarm</span> <span class='ocrx_word' id='word_1_208' title='bbox 494 3345 510 3390; x_wconf 90' lang='lat' dir='ltr'>a</span> <span class='ocrx_word' id='word_1_209' title='bbox 525 3345 560 3390; x_wconf 80' lang='lat' dir='ltr'>se.</span> <span class='ocrx_word' id='word_1_210' title='bbox 575 3323 694 3388; x_wconf 71' lang='lat' dir='ltr'>caelium</span> <span class='ocrx_word' id='word_1_211' title='bbox 710 3339 772 3385; x_wconf 90' lang='lat' dir='ltr'>non</span> <span class='ocrx_word' id='word_1_212' title='bbox 788 3321 985 3387; x_wconf 81' lang='lat' dir='ltr'>inconsultam</span> <span class='ocrx_word' id='word_1_213' title='bbox 1000 3341 1068 3385; x_wconf 86' lang='lat' dir='ltr'>esse</span> <span class='ocrx_word' id='word_1_214' title='bbox 1083 3321 1232 3399; x_wconf 79' lang='lat' dir='ltr'>fateretur,</span> <span class='ocrx_word' id='word_1_215' title='bbox 1250 3323 1303 3385; x_wconf 79' lang='lat' dir='ltr'>seri</span> <span class='ocrx_word' id='word_1_216' title='bbox 1318 3322 1426 3386; x_wconf 88' lang='lat' dir='ltr'>iustam</span> <span class='ocrx_word' id='word_1_217' title='bbox 1441 3345 1510 3388; x_wconf 85' lang='lat' dir='ltr'>esse</span> <span class='ocrx_word' id='word_1_218' title='bbox 1524 3325 1578 3388; x_wconf 85' lang='lat' dir='ltr'>‹io-</span> 
     </span>
     <span class='ocr_line' id='line_1_25' title="bbox 409 3425 1579 3510; baseline 0.001 -17"><span class='ocrx_word' id='word_1_219' title='bbox 409 3430 555 3504; x_wconf 84' lang='lat' dir='ltr'>lemleret,</span> <span class='ocrx_word' id='word_1_220' title='bbox 575 3436 732 3510; x_wconf 63' lang='lat' dir='ltr'>arreptorea</span> <span class='ocrx_word' id='word_1_221' title='bbox 748 3425 870 3502; x_wconf 81' lang='lat' dir='ltr'>seilicet,</span> <span class='ocrx_word' id='word_1_222' title='bbox 890 3426 971 3509; x_wconf 74' lang='lat' dir='ltr'>«mod</span> <span class='ocrx_word' id='word_1_223' title='bbox 987 3425 1090 3508; x_wconf 85' lang='lat' dir='ltr'>Apollo</span> <span class='ocrx_word' id='word_1_224' title='bbox 1106 3426 1249 3490; x_wconf 82' lang='lat' dir='ltr'>dracaena</span> <span class='ocrx_word' id='word_1_225' title='bbox 1264 3427 1417 3490; x_wconf 80' lang='lat' dir='ltr'>interiecta</span> <span class='ocrx_word' id='word_1_226' title='bbox 1432 3428 1579 3494; x_wconf 84' lang='lat' dir='ltr'>eiusmodi</span> 
     </span>
     <span class='ocr_line' id='line_1_26' title="bbox 408 3528 1578 3614; baseline -0.001 -18"><span class='ocrx_word' id='word_1_227' title='bbox 408 3532 508 3598; x_wconf 80' lang='lat' dir='ltr'>raorlis</span> <span class='ocrx_word' id='word_1_228' title='bbox 523 3531 689 3614; x_wconf 81' lang='lat' dir='ltr'>exemplum</span> <span class='ocrx_word' id='word_1_229' title='bbox 705 3528 833 3593; x_wconf 81' lang='lat' dir='ltr'>eriirlisse</span> <span class='ocrx_word' id='word_1_230' title='bbox 847 3529 1008 3593; x_wconf 74' lang='lat' dir='ltr'>sitiebatur.</span> <span class='ocrx_word' id='word_1_231' title='bbox 1030 3528 1217 3592; x_wconf 87' lang='lat' dir='ltr'>llaniiestum</span> <span class='ocrx_word' id='word_1_232' title='bbox 1231 3538 1277 3593; x_wconf 82' lang='lat' dir='ltr'>est</span> <span class='ocrx_word' id='word_1_233' title='bbox 1292 3529 1388 3611; x_wconf 84' lang='lat' dir='ltr'>igitur,</span> <span class='ocrx_word' id='word_1_234' title='bbox 1402 3529 1578 3595; x_wconf 76' lang='lat' dir='ltr'>dracaenam</span> 
     </span>
     <span class='ocr_line' id='line_1_27' title="bbox 410 3632 1579 3717; baseline -0.004 -16"><span class='ocrx_word' id='word_1_235' title='bbox 410 3637 488 3701; x_wconf 89' lang='lat' dir='ltr'>illarn</span> <span class='ocrx_word' id='word_1_236' title='bbox 504 3633 712 3698; x_wconf 67' lang='lat' dir='ltr'>inanissimis</span> <span class='ocrx_word' id='word_1_237' title='bbox 727 3632 958 3696; x_wconf 72' lang='lat' dir='ltr'>Atheniensibus</span> <span class='ocrx_word' id='word_1_238' title='bbox 976 3651 1039 3696; x_wconf 93' lang='lat' dir='ltr'>non</span> <span class='ocrx_word' id='word_1_239' title='bbox 1055 3633 1146 3696; x_wconf 81' lang='lat' dir='ltr'>nroalo</span> <span class='ocrx_word' id='word_1_240' title='bbox 1161 3635 1326 3717; x_wconf 73' lang='lat' dir='ltr'>Pythonem</span> <span class='ocrx_word' id='word_1_241' title='bbox 1342 3633 1394 3696; x_wconf 78' lang='lat' dir='ltr'>seri</span> <span class='ocrx_word' id='word_1_242' title='bbox 1409 3633 1497 3698; x_wconf 88' lang='lat' dir='ltr'>otiam</span> <span class='ocrx_word' id='word_1_243' title='bbox 1513 3634 1579 3696; x_wconf 78' lang='lat' dir='ltr'>liel-</span> 
     </span>
     <span class='ocr_line' id='line_1_28' title="bbox 411 3733 1580 3825; baseline 0.004 -28"><span class='ocrx_word' id='word_1_244' title='bbox 411 3741 529 3825; x_wconf 73' lang='lat' dir='ltr'>plnneu</span> <span class='ocrx_word' id='word_1_245' title='bbox 549 3737 610 3802; x_wconf 84' lang='lat' dir='ltr'>siae</span> <span class='ocrx_word' id='word_1_246' title='bbox 629 3733 792 3820; x_wconf 77' lang='lat' dir='ltr'>llolplrinou</span> <span class='ocrx_word' id='word_1_247' title='bbox 811 3735 935 3812; x_wconf 80' lang='lat' dir='ltr'>aliotanr,</span> <span class='ocrx_word' id='word_1_248' title='bbox 955 3735 1152 3820; x_wconf 77' lang='lat' dir='ltr'>Pythiumque</span> <span class='ocrx_word' id='word_1_249' title='bbox 1170 3735 1337 3821; x_wconf 84' lang='lat' dir='ltr'>Apollinem</span> <span class='ocrx_word' id='word_1_250' title='bbox 1356 3738 1486 3802; x_wconf 83' lang='lat' dir='ltr'>eurrdem</span> <span class='ocrx_word' id='word_1_251' title='bbox 1505 3757 1580 3821; x_wconf 69' lang='lat' dir='ltr'>lno-</span> 
     </span>
    </p>
   </div>
   <div class='ocr_carea' id='block_1_3' title="bbox 484 3928 713 3942">
    <p class='ocr_par' dir='ltr' id='par_1_3' title="bbox 484 3928 713 3942">
     <span class='ocr_line' id='line_1_29' title="bbox 484 3928 713 3942; baseline 0.004 -1"><span class='ocrx_word' id='word_1_252' title='bbox 484 3933 500 3941; x_wconf 65' lang='lat' dir='ltr'>u</span> <span class='ocrx_word' id='word_1_253' title='bbox 516 3928 713 3942; x_wconf 61' lang='lat'>-01—-</span> 
     </span>
    </p>
   </div>
   <div class='ocr_carea' id='block_1_4' title="bbox 400 4019 1598 4959">
    <p class='ocr_par' dir='ltr' id='par_1_4' title="bbox 400 4019 1598 4784">
     <span class='ocr_line' id='line_1_30' title="bbox 400 4019 1578 4097; baseline 0.003 -17"><span class='ocrx_word' id='word_1_254' title='bbox 400 4019 401 4022; x_wconf 45' lang='lat'>&#39;</span> <span class='ocrx_word' id='word_1_255' title='bbox 480 4029 523 4096; x_wconf 72' lang='lat' dir='ltr'>nn)</span> <span class='ocrx_word' id='word_1_256' title='bbox 541 4028 579 4082; x_wconf 76' lang='lat' dir='ltr'>(ll.</span> <span class='ocrx_word' id='word_1_257' title='bbox 592 4027 744 4094; x_wconf 72' lang='lat' dir='ltr'>lhcurtius,</span> <span class='ocrx_word' id='word_1_258' title='bbox 760 4027 801 4080; x_wconf 78' lang='lat' dir='ltr'>ute</span> <span class='ocrx_word' id='word_1_259' title='bbox 812 4026 897 4080; x_wconf 83' lang='lat' dir='ltr'>loaier</span> <span class='ocrx_word' id='word_1_260' title='bbox 908 4043 957 4081; x_wconf 85' lang='lat' dir='ltr'>vor</span> <span class='ocrx_word' id='word_1_261' title='bbox 965 4029 1012 4081; x_wconf 77' lang='lat' dir='ltr'>der</span> <span class='ocrx_word' id='word_1_262' title='bbox 1023 4027 1152 4081; x_wconf 76' lang='lat' dir='ltr'>ionisehes</span> <span class='ocrx_word' id='word_1_263' title='bbox 1164 4026 1334 4093; x_wconf 78' lang='lat' dir='ltr'>ll&#39;sarlersng</span> <span class='ocrx_word' id='word_1_264' title='bbox 1344 4044 1368 4097; x_wconf 75' lang='lat' dir='ltr'>p.</span> <span class='ocrx_word' id='word_1_265' title='bbox 1377 4028 1409 4079; x_wconf 82' lang='lat' dir='ltr'>ts</span> <span class='ocrx_word' id='word_1_266' title='bbox 1420 4037 1448 4082; x_wconf 86' lang='lat' dir='ltr'>et</span> <span class='ocrx_word' id='word_1_267' title='bbox 1459 4029 1501 4082; x_wconf 87' lang='grc'><strong>411.</strong></span> <span class='ocrx_word' id='word_1_268' title='bbox 1529 4031 1578 4083; x_wconf 66' lang='lat' dir='ltr'>ua-</span> 
     </span>
     <span class='ocr_line' id='line_1_31' title="bbox 414 4113 1576 4186; baseline -0.002 -16"><span class='ocrx_word' id='word_1_269' title='bbox 414 4126 495 4170; x_wconf 82' lang='lat' dir='ltr'>teruur</span> <span class='ocrx_word' id='word_1_270' title='bbox 506 4117 548 4186; x_wconf 86' lang='lat' dir='ltr'>qui</span> <span class='ocrx_word' id='word_1_271' title='bbox 560 4133 626 4169; x_wconf 80' lang='lat' dir='ltr'>osus</span> <span class='ocrx_word' id='word_1_272' title='bbox 637 4117 668 4168; x_wconf 81' lang='lat' dir='ltr'>ale</span> <span class='ocrx_word' id='word_1_273' title='bbox 680 4113 805 4184; x_wconf 68' lang='lat' dir='ltr'>nantuato</span> <span class='ocrx_word' id='word_1_274' title='bbox 817 4113 928 4167; x_wconf 83' lang='lat' dir='ltr'>tridente</span> <span class='ocrx_word' id='word_1_275' title='bbox 940 4113 1012 4167; x_wconf 84' lang='lat' dir='ltr'>loeus</span> <span class='ocrx_word' id='word_1_276' title='bbox 1024 4122 1110 4180; x_wconf 76' lang='lat' dir='ltr'>extet,</span> <span class='ocrx_word' id='word_1_277' title='bbox 1128 4113 1200 4167; x_wconf 84' lang='lat' dir='ltr'>llios.</span> <span class='ocrx_word' id='word_1_278' title='bbox 1213 4115 1305 4184; x_wconf 77' lang='lat' dir='ltr'>Chrys.</span> <span class='ocrx_word' id='word_1_279' title='bbox 1317 4130 1356 4167; x_wconf 86' lang='lat' dir='ltr'>or.</span> <span class='ocrx_word' id='word_1_280' title='bbox 1365 4113 1478 4168; x_wconf 82' lang='lat' dir='ltr'>xnxnt</span> <span class='ocrx_word' id='word_1_281' title='bbox 1495 4131 1519 4184; x_wconf 79' lang='lat' dir='ltr'>p.</span> <span class='ocrx_word' id='word_1_282' title='bbox 1529 4115 1576 4168; x_wconf 80' lang='grc'>451</span> 
     </span>
     <span class='ocr_line' id='line_1_32' title="bbox 416 4199 1580 4270; baseline 0 -14"><span class='ocrx_word' id='word_1_283' title='bbox 416 4204 529 4270; x_wconf 61' lang='lat' dir='ltr'>liugan,</span> <span class='ocrx_word' id='word_1_284' title='bbox 549 4219 597 4255; x_wconf 84' lang='lat' dir='ltr'>sen</span> <span class='ocrx_word' id='word_1_285' title='bbox 619 4201 743 4255; x_wconf 80' lang='lat' dir='ltr'>inmerito</span> <span class='ocrx_word' id='word_1_286' title='bbox 762 4201 860 4254; x_wconf 83' lang='lat' dir='ltr'>eritieis</span> <span class='ocrx_word' id='word_1_287' title='bbox 880 4201 975 4270; x_wconf 72' lang='lat' dir='ltr'>aliquid</span> <span class='ocrx_word' id='word_1_288' title='bbox 996 4201 1158 4254; x_wconf 74' lang='lat' dir='ltr'>dubitationis</span> <span class='ocrx_word' id='word_1_289' title='bbox 1176 4199 1271 4254; x_wconf 84' lang='lat' dir='ltr'>isieeit.</span> <span class='ocrx_word' id='word_1_290' title='bbox 1305 4200 1426 4268; x_wconf 68' lang='lat' dir='ltr'>lhgsirlen</span> <span class='ocrx_word' id='word_1_291' title='bbox 1445 4202 1580 4256; x_wconf 71' lang='lat' dir='ltr'>intentent</span> 
     </span>
     <span class='ocr_line' id='line_1_33' title="bbox 415 4285 1580 4357; baseline 0 -17"><span class='ocrx_word' id='word_1_292' title='bbox 415 4287 527 4357; x_wconf 70' lang='lat' dir='ltr'>Apollini</span> <span class='ocrx_word' id='word_1_293' title='bbox 542 4288 601 4340; x_wconf 86' lang='lat' dir='ltr'>nolo</span> <span class='ocrx_word' id='word_1_294' title='bbox 617 4297 730 4357; x_wconf 77' lang='lat' dir='ltr'>erepton</span> <span class='ocrx_word' id='word_1_295' title='bbox 745 4287 797 4351; x_wconf 83' lang='lat' dir='ltr'>ire,</span> <span class='ocrx_word' id='word_1_296' title='bbox 813 4286 1025 4353; x_wconf 73' lang='lat' dir='ltr'>significatione·</span> <span class='ocrx_word' id='word_1_297' title='bbox 1036 4293 1121 4340; x_wconf 74' lang='lat' dir='ltr'>laneo</span> <span class='ocrx_word' id='word_1_298' title='bbox 1133 4286 1189 4340; x_wconf 86' lang='lat' dir='ltr'>eius</span> <span class='ocrx_word' id='word_1_299' title='bbox 1201 4287 1247 4339; x_wconf 85' lang='lat' dir='ltr'>teli</span> <span class='ocrx_word' id='word_1_300' title='bbox 1258 4285 1303 4339; x_wconf 81' lang='lat' dir='ltr'>uin</span> <span class='ocrx_word' id='word_1_301' title='bbox 1314 4285 1389 4340; x_wconf 76' lang='lat' dir='ltr'>sliam</span> <span class='ocrx_word' id='word_1_302' title='bbox 1401 4286 1482 4340; x_wconf 87' lang='lat' dir='ltr'>luisse</span> <span class='ocrx_word' id='word_1_303' title='bbox 1494 4289 1580 4353; x_wconf 78' lang='lat' dir='ltr'>ereio,</span> 
     </span>
     <span class='ocr_line' id='line_1_34' title="bbox 415 4371 1598 4442; baseline 0.001 -17"><span class='ocrx_word' id='word_1_304' title='bbox 415 4388 488 4442; x_wconf 78' lang='lat' dir='ltr'>quana</span> <span class='ocrx_word' id='word_1_305' title='bbox 505 4388 569 4440; x_wconf 77' lang='lat' dir='ltr'>goso</span> <span class='ocrx_word' id='word_1_306' title='bbox 584 4373 661 4438; x_wconf 77' lang='lat' dir='ltr'>uulgo</span> <span class='ocrx_word' id='word_1_307' title='bbox 677 4374 756 4426; x_wconf 83' lang='lat' dir='ltr'>silue</span> <span class='ocrx_word' id='word_1_308' title='bbox 772 4373 869 4426; x_wconf 77' lang='lat' dir='ltr'>eredita</span> <span class='ocrx_word' id='word_1_309' title='bbox 885 4380 940 4426; x_wconf 85' lang='lat' dir='ltr'>est:</span> <span class='ocrx_word' id='word_1_310' title='bbox 959 4372 1059 4425; x_wconf 85' lang='lat' dir='ltr'>seilieet</span> <span class='ocrx_word' id='word_1_311' title='bbox 1074 4371 1211 4424; x_wconf 76' lang='lat' dir='ltr'>conuenire</span> <span class='ocrx_word' id='word_1_312' title='bbox 1226 4372 1252 4424; x_wconf 81' lang='lat' dir='ltr'>tt</span> <span class='ocrx_word' id='word_1_313' title='bbox 1267 4374 1315 4425; x_wconf 79' lang='lat' dir='ltr'>aleo</span> <span class='ocrx_word' id='word_1_314' title='bbox 1331 4371 1428 4425; x_wconf 74' lang='lat' dir='ltr'>nariam</span> <span class='ocrx_word' id='word_1_315' title='bbox 1445 4381 1598 4442; x_wconf 72' lang='lat' dir='ltr'>propteroa·</span> 
     </span>
     <span class='ocr_line' id='line_1_35' title="bbox 416 4457 1580 4528; baseline 0.001 -18"><span class='ocrx_word' id='word_1_316' title='bbox 416 4458 509 4524; x_wconf 75' lang='lat' dir='ltr'>vissus,</span> <span class='ocrx_word' id='word_1_317' title='bbox 530 4459 595 4526; x_wconf 79' lang='lat' dir='ltr'>quoti</span> <span class='ocrx_word' id='word_1_318' title='bbox 617 4458 757 4527; x_wconf 75' lang='lat' dir='ltr'>piscatores</span> <span class='ocrx_word' id='word_1_319' title='bbox 780 4475 812 4511; x_wconf 81' lang='lat' dir='ltr'>eo</span> <span class='ocrx_word' id='word_1_320' title='bbox 834 4465 969 4512; x_wconf 66' lang='lat' dir='ltr'>auronum·</span> <span class='ocrx_word' id='word_1_321' title='bbox 989 4458 1014 4512; x_wconf 85' lang='lat' dir='ltr'>is</span> <span class='ocrx_word' id='word_1_322' title='bbox 1036 4467 1141 4528; x_wconf 73' lang='lat' dir='ltr'>aptore</span> <span class='ocrx_word' id='word_1_323' title='bbox 1158 4457 1263 4527; x_wconf 62' lang='lat' dir='ltr'>meeis·</span> <span class='ocrx_word' id='word_1_324' title='bbox 1279 4459 1434 4526; x_wconf 71' lang='lat' dir='ltr'>quomrum</span> <span class='ocrx_word' id='word_1_325' title='bbox 1450 4459 1580 4522; x_wconf 77' lang='lat' dir='ltr'>sariorum,</span> 
     </span>
     <span class='ocr_line' id='line_1_36' title="bbox 415 4542 1579 4614; baseline 0.001 -18"><span class='ocrx_word' id='word_1_326' title='bbox 415 4543 488 4596; x_wconf 78' lang='lat' dir='ltr'>reiut</span> <span class='ocrx_word' id='word_1_327' title='bbox 505 4543 662 4597; x_wconf 66' lang='lat' dir='ltr'>mensurans.</span> <span class='ocrx_word' id='word_1_328' title='bbox 689 4542 1208 4614; x_wconf 76' lang='lat' dir='ltr'>vtt.qaaoelt1lmiu,netnutl‚t</span> <span class='ocrx_word' id='word_1_329' title='bbox 1227 4543 1320 4613; x_wconf 66' lang='lat' dir='ltr'>aaut.</span> <span class='ocrx_word' id='word_1_330' title='bbox 1350 4544 1482 4598; x_wconf 83' lang='lat' dir='ltr'>lliversssr</span> <span class='ocrx_word' id='word_1_331' title='bbox 1500 4545 1579 4597; x_wconf 79' lang='lat' dir='ltr'>ratio·</span> 
     </span>
     <span class='ocr_line' id='line_1_37' title="bbox 415 4629 1580 4701; baseline 0.003 -20"><span class='ocrx_word' id='word_1_332' title='bbox 415 4645 484 4696; x_wconf 72' lang='lat' dir='ltr'>sen,</span> <span class='ocrx_word' id='word_1_333' title='bbox 500 4629 656 4682; x_wconf 68' lang='lat' dir='ltr'>subtiliorem</span> <span class='ocrx_word' id='word_1_334' title='bbox 673 4630 742 4683; x_wconf 77' lang='lat' dir='ltr'>illan</span> <span class='ocrx_word' id='word_1_335' title='bbox 753 4638 782 4683; x_wconf 83' lang='lat' dir='ltr'>et</span> <span class='ocrx_word' id='word_1_336' title='bbox 791 4632 937 4700; x_wconf 70' lang='lat' dir='ltr'>nystieasr,</span> <span class='ocrx_word' id='word_1_337' title='bbox 954 4629 1058 4684; x_wconf 72' lang='lat' dir='ltr'>Certim</span> <span class='ocrx_word' id='word_1_338' title='bbox 1068 4629 1236 4698; x_wconf 74' lang='lat' dir='ltr'>uesgitsvit,</span> <span class='ocrx_word' id='word_1_339' title='bbox 1253 4631 1287 4682; x_wconf 78' lang='lat' dir='ltr'>ie</span> <span class='ocrx_word' id='word_1_340' title='bbox 1298 4646 1347 4701; x_wconf 79' lang='lat' dir='ltr'>qus</span> <span class='ocrx_word' id='word_1_341' title='bbox 1357 4630 1416 4684; x_wconf 75' lang='lat' dir='ltr'>nihi</span> <span class='ocrx_word' id='word_1_342' title='bbox 1427 4631 1535 4684; x_wconf 75' lang='lat' dir='ltr'>assiu</span> <span class='ocrx_word' id='word_1_343' title='bbox 1547 4631 1580 4684; x_wconf 92' lang='lat' dir='ltr'>li·</span> 
     </span>
     <span class='ocr_line' id='line_1_38' title="bbox 415 4714 598 4784; baseline -0.005 -17"><span class='ocrx_word' id='word_1_344' title='bbox 415 4729 495 4784; x_wconf 78' lang='lat' dir='ltr'>quere</span> <span class='ocrx_word' id='word_1_345' title='bbox 507 4714 598 4767; x_wconf 72' lang='lat' dir='ltr'>senar.</span> 
     </span>
    </p>

    <p class='ocr_par' dir='ltr' id='par_1_5' title="bbox 415 4799 1580 4959">
     <span class='ocr_line' id='line_1_39' title="bbox 415 4799 1580 4873; baseline 0.003 -21"><span class='ocrx_word' id='word_1_346' title='bbox 415 4841 416 4844; x_wconf 63' lang='lat'>,</span> <span class='ocrx_word' id='word_1_347' title='bbox 485 4800 528 4865; x_wconf 77' lang='grc'>81)</span> <span class='ocrx_word' id='word_1_348' title='bbox 546 4799 604 4853; x_wconf 74' lang='lat' dir='ltr'>viel.</span> <span class='ocrx_word' id='word_1_349' title='bbox 617 4799 691 4854; x_wconf 75' lang='lat' dir='ltr'>Pras.</span> <span class='ocrx_word' id='word_1_350' title='bbox 704 4799 724 4866; x_wconf 91' lang='lat' dir='ltr'>l,</span> <span class='ocrx_word' id='word_1_351' title='bbox 734 4801 808 4870; x_wconf 78' lang='lat' dir='ltr'>2⁸,n</span> <span class='ocrx_word' id='word_1_352' title='bbox 835 4803 957 4873; x_wconf 78' lang='lat' dir='ltr'>llsrpoer.</span> <span class='ocrx_word' id='word_1_353' title='bbox 972 4820 995 4856; x_wconf 89' lang='lat' dir='ltr'>s.</span> <span class='ocrx_word' id='word_1_354' title='bbox 1006 4819 1033 4857; x_wconf 83' lang='lat' dir='ltr'>v.</span> <span class='ocrx_word' id='word_1_355' title='bbox 1048 4799 1099 4856; x_wconf 75' lang='lat' dir='ltr'>lul</span> <span class='ocrx_word' id='word_1_356' title='bbox 1111 4801 1199 4856; x_wconf 69' lang='lat' dir='ltr'>nott.</span> <span class='ocrx_word' id='word_1_357' title='bbox 1225 4801 1272 4856; x_wconf 77' lang='lat' dir='ltr'>lsl</span> <span class='ocrx_word' id='word_1_358' title='bbox 1284 4802 1350 4856; x_wconf 80' lang='lat' dir='ltr'>l’oll.</span> <span class='ocrx_word' id='word_1_359' title='bbox 1360 4801 1426 4870; x_wconf 83' lang='lat' dir='ltr'>Vlll,</span> <span class='ocrx_word' id='word_1_360' title='bbox 1438 4801 1487 4854; x_wconf 81' lang='lat' dir='ltr'>tls</span> <span class='ocrx_word' id='word_1_361' title='bbox 1497 4809 1526 4856; x_wconf 85' lang='lat' dir='ltr'>et</span> <span class='ocrx_word' id='word_1_362' title='bbox 1535 4803 1580 4855; x_wconf 86' lang='lat' dir='ltr'>sll.</span> 
     </span>
     <span class='ocr_line' id='line_1_40' title="bbox 416 4883 1249 4959; baseline 0.001 -18"><span class='ocrx_word' id='word_1_363' title='bbox 416 4886 483 4956; x_wconf 74' lang='lat' dir='ltr'>spel</span> <span class='ocrx_word' id='word_1_364' title='bbox 494 4883 658 4940; x_wconf 66' lang='lat' dir='ltr'>hetthim</span> <span class='ocrx_word' id='word_1_365' title='bbox 670 4887 702 4939; x_wconf 75' lang='lat' dir='ltr'>io</span> <span class='ocrx_word' id='word_1_366' title='bbox 714 4885 788 4941; x_wconf 71' lang='lat' dir='ltr'>istis.</span> <span class='ocrx_word' id='word_1_367' title='bbox 800 4889 856 4942; x_wconf 78' lang='lat' dir='ltr'>Ath.</span> <span class='ocrx_word' id='word_1_368' title='bbox 869 4889 894 4942; x_wconf 84' lang='lat' dir='ltr'>iu</span> <span class='ocrx_word' id='word_1_369' title='bbox 906 4887 1016 4942; x_wconf 82' lang='lat' dir='ltr'>liisesli.</span> <span class='ocrx_word' id='word_1_370' title='bbox 1029 4888 1115 4959; x_wconf 71' lang='lat' dir='ltr'>philol.</span> <span class='ocrx_word' id='word_1_371' title='bbox 1125 4887 1145 4941; x_wconf 94' lang='lat' dir='ltr'>ll</span> <span class='ocrx_word' id='word_1_372' title='bbox 1157 4903 1182 4958; x_wconf 70' lang='lat' dir='ltr'>p.</span> <span class='ocrx_word' id='word_1_373' title='bbox 1190 4888 1249 4942; x_wconf 82' lang='lat' dir='ltr'>us.</span> 
     </span>
    </p>
   </div>
   <div class='ocr_carea' id='block_1_5' title="bbox 0 0 1914 5609">
    <p class='ocr_par' dir='ltr' id='par_1_6' title="bbox 0 0 1914 5609">
     <span class='ocr_line' id='line_1_41' title="bbox 0 0 1914 5609; baseline 0 0"><span class='ocrx_word' id='word_1_374' title='bbox 0 0 1914 5609; x_wconf 95' lang='lat' dir='ltr'> </span> 
     </span>
    </p>
   </div>
  </div>
 </body>
</html>
