3792 5609
951 774 1010 841 lll

395 968 462 1042 tuit,
477 968 565 1048 idque
575 986 612 1028 eo
622 964 733 1038 minus,
746 965 825 1046 quod
838 966 883 1029 ills
894 976 987 1029 astato
999 966 1152 1049 disciplina
1164 976 1278 1031 uotum
1290 978 1411 1047 rotsuu,
1423 988 1562 1051 aprorum

395 1068 586 1151 aequabilitas
602 1067 716 1130 dudum
730 1068 840 1131 amissa
855 1077 927 1131 orat

483 1171 587 1233 ddbuc
600 1170 691 1249 igitur
705 1169 734 1233 iu
750 1169 899 1234 drotiaois
914 1172 1041 1235 testibus
1057 1172 1171 1236 nullum
1187 1194 1253 1237 csse
1268 1174 1414 1249 ridemus,
1427 1198 1462 1241 ca
1478 1178 1562 1242 cuins

393 1272 514 1335 silentio
533 1274 696 1356 quidquam
722 1274 751 1335 iu
773 1274 895 1337 alteram
914 1283 1011 1337 utram
1032 1286 1146 1355 partam
1167 1278 1322 1353 officiatur,
1345 1280 1490 1361 siquidem
1512 1301 1563 1345 cur

392 1375 435 1437 illi
450 1375 591 1456 quinquo,
607 1395 686 1457 quos
700 1376 940 1450 examinavimus,
953 1375 1076 1457 Lycurgi
1091 1379 1184 1459 legam
1200 1380 1352 1459 agrariam,
1366 1382 1481 1446 etiamsi
1498 1404 1562 1447 ma·

392 1477 475 1539 xima
489 1488 621 1547 nossent,
638 1498 873 1542 commeusoraro
888 1489 986 1542 tamon
1003 1488 1129 1543 autnon
1145 1499 1265 1545 nocosso
1280 1483 1444 1557 imbuerint,
1460 1494 1511 1547 aut
1525 1503 1562 1549 na

391 1581 547 1661 potuerint
565 1582 702 1663 quidem,
726 1582 756 1646 io
775 1592 878 1664 aperto
897 1592 952 1646 est.
994 1582 1135 1664 Sequitur
1157 1603 1238 1649 nuno
1260 1595 1360 1649 sertus
1382 1586 1562 1665 Aristotcles,

390 1702 483 1765 quem
499 1684 530 1748 in
546 1685 737 1749 Politieomm
752 1686 834 1749 libris
849 1686 984 1769 potuisse
998 1687 1118 1768 quidem
1134 1689 1290 1751 commuuio
1304 1688 1368 1751 cius
1383 1689 1561 1751 montionem

392 1789 492 1850 lacere
506 1788 707 1864 mnesttmus,
722 1788 860 1851 delusisse
874 1798 972 1853 sutem
989 1806 1142 1871 negamus.
1169 1790 1242 1853 Nam
1258 1791 1429 1855 Aristoteles
1445 1808 1562 1872 quoquo

390 1908 459 1952 noo
473 1890 628 1953 historiam
645 1890 833 1972 reipublicae
848 1892 1146 1955 laccdaemoniorum
1164 1894 1359 1975 persequitur,
1373 1894 1425 1956 scd
1437 1894 1562 1975 exempli

393 2002 512 2055 tantum
532 2013 620 2055 casam
640 1994 752 2076 passim
772 2014 876 2057 corum
898 1993 1030 2057 instituta
1049 1994 1176 2076 attingit,
1197 2014 1292 2076 nequo
1311 2014 1344 2057 sa
1360 1994 1455 2076 qualia
1478 1994 1561 2058 initio

392 2094 490 2157 inisse
504 2096 673 2168 rideantur,
692 2094 744 2157 ιιειΙ
759 2096 855 2176 qualia
875 2094 939 2176 ipss
954 2114 1008 2158 sua
1024 2105 1117 2158 astato
1132 2116 1198 2159 csso
1213 2107 1347 2168 noverat,
1368 2096 1447 2160 unde
1462 2098 1508 2169 bt,
1529 2106 1563 2159 ut

393 2196 552 2271 nonnulla,
572 2214 647 2278 quaa
665 2198 777 2259 seriore
796 2197 917 2259 (laruam
934 2206 1069 2279 tempore
1083 2198 1195 2261 inuecta
1209 2218 1275 2261 csso
1290 2196 1489 2261 certissimum
1505 2208 1560 2269 cst,

392 2298 486 2361 veteri
499 2299 658 2380 legislatori
672 2299 805 2381 imputet
838 2299 880 2361 llo
891 2318 1030 2380 agromm
1043 2310 1140 2365 autem
1153 2300 1295 2383 aequabili
1307 2300 1451 2363 diuisione
1463 2302 1561 2377 tacuit,

394 2402 461 2465 sias
474 2403 555 2485 quod
570 2402 627 2484 ipsi
642 2420 703 2464 non
719 2402 792 2464 satis
808 2402 961 2465 constabat
975 2404 1030 2465 bac
1045 2403 1082 2466 de
1098 2422 1144 2477 re,
1165 2402 1225 2466 sive
1241 2405 1321 2484 quod
1338 2402 1451 2467 dudum
1467 2402 1560 2466 obso-

392 2506 511 2567 leverat.
541 2504 643 2567 llestat
657 2502 812 2574 isocrates,
829 2504 990 2566 miraturus
1006 2505 1085 2567 baud
1102 2504 1198 2577 dubis,
1219 2504 1275 2566 sibi
1291 2504 1492 2567 testimonium
1508 2504 1560 2568 da-

391 2606 522 2668 nuntiari
538 2604 569 2667 in
584 2604 755 2668 luriusrnodi
771 2604 944 2686 quaestione
959 2606 1113 2679 historica,
1130 2608 1217 2689 idqru
1234 2616 1355 2689 proptor
1369 2627 1434 2669 cam
1449 2607 1561 2670 oratio-

391 2725 478 2780 nem,
497 2725 574 2788 quas
593 2708 687 2789 qualis
707 2718 786 2770 essct
803 2726 921 2789 quoquo
941 2708 1042 2771 animo
1057 2718 1087 2771 et
1101 2708 1224 2772 consilio
1241 2706 1415 2791 composita,
1436 2708 1561 2791 ingenue.

392 2811 460 2891 ipse
474 2811 627 2892 protessus
642 2810 690 2873 sit.
728 2810 801 2873 Nasu
819 2810 848 2872 ia
864 2810 1080 2875 Panathenaico
1096 2820 1251 2893 postquam
1268 2811 1297 2874 id
1313 2812 1413 2892 operit,
1428 2819 1462 2874 ut
1476 2830 1559 2875 com·

392 2914 505 2996 paratis
519 2914 596 2975 iotce
610 2911 874 2975 sodtlscnisusium
889 2920 919 2973 et
928 2912 1144 2994 Spartanorum
1160 2914 1248 2977 robus
1264 2913 1354 2995 gostis
1370 2914 1559 2977 domonstra-

394 3026 454 3091 ret,
480 3026 592 3097 quanto
610 3016 716 3079 melius
735 3014 773 3078 illi
792 3033 881 3097 quam
900 3014 930 3077 bi
952 3016 989 3078 dc
1008 3016 1112 3079 coleris
1132 3015 1252 3080 Graccis
1271 3016 1366 3079 mariti
1388 3024 1559 3097 quantoque

393 3118 544 3199 digniores
564 3118 729 3202 principatu
749 3127 862 3189 assam,
883 3116 913 3179 in
932 3136 1026 3199 coquo
1046 3117 1298 3181 domonstratiooo
1314 3119 1403 3181 multa
1420 3118 1449 3179 io
1465 3117 1558 3199 Spar·

393 3230 482 3283 tanos
496 3220 618 3283 crimina
634 3220 835 3294 cumulaverit,
853 3219 1036 3301 poenituisse
1056 3239 1089 3284 sc
1111 3229 1214 3301 postea
1230 3221 1299 3284 dicit
1314 3220 1360 3283 sui
1376 3220 1475 3301 operis
1491 3220 1558 3283 din-

394 3340 452 3404 que
474 3322 641 3396 dubitasse,
666 3342 703 3385 an
725 3332 820 3384 totum
840 3320 944 3383 doloret
966 3340 1060 3403 usquo
1079 3322 1158 3385 cairo
1178 3323 1208 3385 in
1229 3322 1378 3403 publicum
1401 3330 1558 3403 pateretur.

394 3424 453 3487 Sed
467 3426 674 3487 conlirmatuur
690 3424 728 3485 ab
743 3422 861 3494 anticio,
880 3422 930 3503 qui
947 3432 1006 3485 tam
1027 3424 1133 3487 bellam
1150 3424 1314 3487 orationem
1332 3425 1427 3505 poriro
1442 3426 1558 3497 nollunt,

394 3527 529 3591 iniuriam
551 3526 708 3609 Spartanis
728 3526 834 3588 laetam
855 3524 898 3586 sio
918 3526 1141 3607 quodammodo
1157 3526 1339 3589 sarciendam
1355 3528 1508 3603 statuisss,
1528 3539 1561 3592 ut

395 3630 519 3711 aliquam
535 3630 751 3712 Spartanorum
767 3629 913 3691 tantorum
929 3628 1089 3703 induraret,
1105 3628 1155 3710 qui
1171 3628 1324 3692 insidiosis
1341 3627 1403 3689 istis
1420 3630 1560 3694 crimina·

394 3730 527 3794 tionibus
545 3732 744 3795 laudationem
763 3750 798 3793 es
816 3731 939 3795 srlrerso
961 3740 1133 3813 opponeret.
1167 3732 1199 3794 lo
1220 3732 1276 3794 bac
1291 3728 1378 3811 igitur
1392 3731 1560 3796 laudatione

395 3834 500 3913 legitur
518 3836 544 3898 is
563 3835 660 3907 lucus,
681 3856 742 3917 quo
758 3834 878 3897 lindius
898 3853 954 3916 pro
975 3835 1146 3897 osriroonto
1167 3834 1210 3897 uti
1230 3852 1291 3896 non
1311 3832 1485 3912 dedignatus
1504 3844 1558 3910 ost,

396 3940 425 4013 l.
439 3938 515 4000 too:
536 3930 571 4001 ἐν
586 3932 624 4001 δὲ
643 3934 685 4025 τῇ
705 3933 927 4022 Σπαρτιατῶν
941 3930 1067 4017 (πόλει)
1091 3930 1202 4012 oidsig
1216 3925 1256 3999 t'iv
1270 3926 1470 4012 ἐπιδείξειεν
1485 3926 1560 3999 oiirs

397 4034 516 4105 στάσιν
547 4032 622 4105 oi'ns
651 4036 784 4129 σφαγὰς
814 4031 892 4104 εἴτε
922 4036 1031 4128 φυγὰς
1058 4030 1203 4121 ἀναμανς
1229 4030 1452 4123 γεγενημένας,
1486 4028 1558 4101 odt’

398 4133 553 4223 admisse
574 4146 735 4227 γιναικιῦν
756 4134 813 4207 καὶ
834 4135 979 4218 παίδων,
1001 4132 1076 4205 dtt’
1092 4132 1170 4204 odda
1185 4132 1361 4215 πολιτείας
1373 4134 1560 4225 μεταβολήν

398 4238 476 4307 osidc'
495 4242 597 4329 χρεῶν
618 4236 800 4323 ἀποκοπὰς
821 4236 915 4309 addi
937 4242 1006 4331 γῆς
1027 4235 1256 4324 ἀναδασμὸν
1278 4233 1351 4305 oid’
1372 4232 1442 4304 dtl’
1465 4231 1560 4304 αι’·δέν

397 4346 463 4408 τῶν
482 4336 670 4433 ἀνηκέστων
690 4344 807 4411 κακῶν.
845 4348 903 4425 Qui
918 4347 989 4430 quid
1005 4346 1120 4409 intorsit
1135 4346 1211 4409 inter
1230 4346 1377 4408 rhetorem
1392 4351 1422 4405 st
1435 4342 1556 4406 histori-

398 4466 466 4512 ctum
481 4466 543 4511 ooo
559 4448 684 4529 ignorat,
698 4452 831 4533 prolecto
845 4450 918 4515 nibil
932 4449 1011 4514 aliud
1027 4469 1061 4513 ox
1076 4450 1135 4511 boc
1149 4450 1214 4513 loco
1227 4446 1300 4512 disci
1312 4466 1402 4531 possa
1413 4444 1558 4526 intelliget,

398 4552 456 4616 nisi
479 4551 571 4636 leqsm
597 4551 673 4617 illam
698 4554 841 4636 agrariam
866 4556 978 4619 dudum
1005 4562 1148 4618 uotustats
1173 4552 1370 4617 oblitteratam
1397 4549 1558 4633 paucisque
1669 4624 1671 4630 k

399 4667 511 4721 butum
534 4655 716 4720 doctioribus
736 4668 850 4735 notam,
873 4662 959 4743 vulgo
980 4668 1079 4738 sutem
1099 4656 1229 4742 ignotam
1253 4655 1358 4733 luisse,
1383 4662 1417 4719 nt
1436 4653 1558 4738 impunc

399 4758 509 4826 rbstori
527 4758 675 4825 aldnuars
691 4760 802 4837 liceret,
822 4762 929 4827 nullam
952 4764 1053 4829 luisse.
1091 4759 1312 4847 imperitissimo
1331 4758 1421 4843 lpltur
1439 4756 1558 4835 iaciunt,
