<?xml version="1.0" encoding="UTF-8"?>
<!DOCTYPE html PUBLIC "-//W3C//DTD XHTML 1.0 Transitional//EN"
    "http://www.w3.org/TR/xhtml1/DTD/xhtml1-transitional.dtd">
<html xmlns="http://www.w3.org/1999/xhtml" xml:lang="en" lang="en">
 <head>
  <title>
</title>
<meta http-equiv="Content-Type" content="text/html;charset=utf-8" />
  <meta name='ocr-system' content='tesseract 3.04.00' />
  <meta name='ocr-capabilities' content='ocr_page ocr_carea ocr_par ocr_line ocrx_word'/>
</head>
<body>
  <div class='ocr_page' id='page_1' title='image "./opusculaacademi02schgoog_0283.png"; bbox 0 0 3792 5609; ppageno 0'>
   <div class='ocr_carea' id='block_1_1' title="bbox 902 707 1082 806">
    <p class='ocr_par' dir='ltr' id='par_1_1' title="bbox 902 707 1082 806">
     <span class='ocr_line' id='line_1_1' title="bbox 902 707 1082 806; baseline 0 -1"><span class='ocrx_word' id='word_1_1' title='bbox 902 707 1082 806; x_wconf 35' lang='lat' dir='ltr'><strong>..illm</strong></span> 
     </span>
    </p>
   </div>
   <div class='ocr_carea' id='block_1_2' title="bbox 372 896 1701 4804">
    <p class='ocr_par' dir='ltr' id='par_1_2' title="bbox 372 896 1701 4804">
     <span class='ocr_line' id='line_1_2' title="bbox 416 896 1584 986; baseline 0.003 -23"><span class='ocrx_word' id='word_1_2' title='bbox 416 896 592 982; x_wconf 75' lang='lat' dir='ltr'><strong>scriptionis</strong></span> <span class='ocrx_word' id='word_1_3' title='bbox 607 896 748 974; x_wconf 82' lang='lat' dir='ltr'><strong>obiciunt,</strong></span> <span class='ocrx_word' id='word_1_4' title='bbox 762 897 893 982; x_wconf 87' lang='lat' dir='ltr'><strong>mihique</strong></span> <span class='ocrx_word' id='word_1_5' title='bbox 908 917 1005 982; x_wconf 88' lang='lat' dir='ltr'><strong>nuper</strong></span> <span class='ocrx_word' id='word_1_6' title='bbox 1015 898 1136 964; x_wconf 82' lang='lat' dir='ltr'><strong>rlcmrrm</strong></span> <span class='ocrx_word' id='word_1_7' title='bbox 1146 919 1181 964; x_wconf 87' lang='lat' dir='ltr'><strong>cx</strong></span> <span class='ocrx_word' id='word_1_8' title='bbox 1193 899 1306 978; x_wconf 86' lang='lat' dir='ltr'><strong>itinere,</strong></span> <span class='ocrx_word' id='word_1_9' title='bbox 1321 901 1401 986; x_wconf 90' lang='lat' dir='ltr'><strong>quorl</strong></span> <span class='ocrx_word' id='word_1_10' title='bbox 1411 901 1584 968; x_wconf 87' lang='lat' dir='ltr'><strong>valetudinis</strong></span> 
     </span>
     <span class='ocr_line' id='line_1_3' title="bbox 416 1002 1584 1092; baseline 0.005 -24"><span class='ocrx_word' id='word_1_11' title='bbox 416 1022 508 1068; x_wconf 73' lang='lat' dir='ltr'><strong>musa</strong></span> <span class='ocrx_word' id='word_1_12' title='bbox 523 1022 731 1086; x_wconf 79' lang='lat' dir='ltr'><strong>susceperant,</strong></span> <span class='ocrx_word' id='word_1_13' title='bbox 748 1023 868 1069; x_wconf 83' lang='lat' dir='ltr'><strong>reverso</strong></span> <span class='ocrx_word' id='word_1_14' title='bbox 883 1002 1044 1088; x_wconf 85' lang='lat' dir='ltr'><strong>multisque</strong></span> <span class='ocrx_word' id='word_1_15' title='bbox 1057 1003 1147 1070; x_wconf 80' lang='lat' dir='ltr'><strong>relius</strong></span> <span class='ocrx_word' id='word_1_16' title='bbox 1162 1003 1294 1070; x_wconf 83' lang='lat' dir='ltr'><strong>districto</strong></span> <span class='ocrx_word' id='word_1_17' title='bbox 1310 1005 1382 1072; x_wconf 92' lang='lat' dir='ltr'><strong>nihil</strong></span> <span class='ocrx_word' id='word_1_18' title='bbox 1396 1005 1427 1070; x_wconf 94' lang='lat' dir='ltr'><strong>in</strong></span> <span class='ocrx_word' id='word_1_19' title='bbox 1443 1016 1584 1092; x_wconf 89' lang='lat' dir='ltr'><strong>promptu</strong></span> 
     </span>
     <span class='ocr_line' id='line_1_4' title="bbox 415 1107 1585 1194; baseline 0.007 -24"><span class='ocrx_word' id='word_1_20' title='bbox 415 1107 470 1181; x_wconf 88' lang='lat' dir='ltr'><strong>sit,</strong></span> <span class='ocrx_word' id='word_1_21' title='bbox 492 1108 573 1188; x_wconf 83' lang='lat' dir='ltr'><strong>quorl</strong></span> <span class='ocrx_word' id='word_1_22' title='bbox 592 1107 728 1172; x_wconf 82' lang='lat' dir='ltr'><strong>breviore</strong></span> <span class='ocrx_word' id='word_1_23' title='bbox 744 1117 879 1191; x_wconf 87' lang='lat' dir='ltr'><strong>ternpore</strong></span> <span class='ocrx_word' id='word_1_24' title='bbox 893 1128 1044 1193; x_wconf 86' lang='lat' dir='ltr'><strong>operaque</strong></span> <span class='ocrx_word' id='word_1_25' title='bbox 1058 1108 1189 1174; x_wconf 80' lang='lat' dir='ltr'><strong>faciliore</strong></span> <span class='ocrx_word' id='word_1_26' title='bbox 1206 1119 1346 1194; x_wconf 83' lang='lat' dir='ltr'><strong>tanquam</strong></span> <span class='ocrx_word' id='word_1_27' title='bbox 1361 1110 1459 1175; x_wconf 88' lang='lat' dir='ltr'><strong>obiter</strong></span> <span class='ocrx_word' id='word_1_28' title='bbox 1473 1112 1585 1178; x_wconf 84' lang='lat' dir='ltr'><strong>absolvi</strong></span> 
     </span>
     <span class='ocr_line' id='line_1_5' title="bbox 415 1209 1585 1295; baseline 0.008 -25"><span class='ocrx_word' id='word_1_29' title='bbox 415 1209 529 1291; x_wconf 87' lang='lat' dir='ltr'><strong>possit,</strong></span> <span class='ocrx_word' id='word_1_30' title='bbox 547 1230 659 1293; x_wconf 86' lang='lat' dir='ltr'><strong>paucas</strong></span> <span class='ocrx_word' id='word_1_31' title='bbox 678 1213 806 1295; x_wconf 78' lang='lat' dir='ltr'><strong>pagellas</strong></span> <span class='ocrx_word' id='word_1_32' title='bbox 821 1212 915 1276; x_wconf 82' lang='lat' dir='ltr'><strong>natio</strong></span> <span class='ocrx_word' id='word_1_33' title='bbox 930 1211 1090 1295; x_wconf 84' lang='lat' dir='ltr'><strong>inpendere</strong></span> <span class='ocrx_word' id='word_1_34' title='bbox 1105 1211 1207 1288; x_wconf 88' lang='lat' dir='ltr'><strong>statui,</strong></span> <span class='ocrx_word' id='word_1_35' title='bbox 1222 1231 1284 1276; x_wconf 91' lang='lat' dir='ltr'><strong>non</strong></span> <span class='ocrx_word' id='word_1_36' title='bbox 1300 1231 1360 1294; x_wconf 91' lang='lat' dir='ltr'><strong>quo</strong></span> <span class='ocrx_word' id='word_1_37' title='bbox 1375 1214 1503 1278; x_wconf 79' lang='lat' dir='ltr'><strong>rciutaru</strong></span> <span class='ocrx_word' id='word_1_38' title='bbox 1516 1235 1585 1280; x_wconf 89' lang='lat' dir='ltr'><strong>cum</strong></span> 
     </span>
     <span class='ocr_line' id='line_1_6' title="bbox 412 1314 1585 1401; baseline 0.005 -25"><span class='ocrx_word' id='word_1_39' title='bbox 412 1315 494 1396; x_wconf 83' lang='lat' dir='ltr'><strong>apud</strong></span> <span class='ocrx_word' id='word_1_40' title='bbox 515 1315 594 1379; x_wconf 82' lang='lat' dir='ltr'><strong>siros</strong></span> <span class='ocrx_word' id='word_1_41' title='bbox 613 1317 719 1381; x_wconf 80' lang='lat' dir='ltr'><strong>electos</strong></span> <span class='ocrx_word' id='word_1_42' title='bbox 738 1327 827 1401; x_wconf 78' lang='lat' dir='ltr'><strong>abque</strong></span> <span class='ocrx_word' id='word_1_43' title='bbox 842 1316 1036 1398; x_wconf 68' lang='lat' dir='ltr'><strong>intelligentes</strong></span> <span class='ocrx_word' id='word_1_44' title='bbox 1050 1331 1173 1378; x_wconf 83' lang='lat' dir='ltr'><strong>necesse</strong></span> <span class='ocrx_word' id='word_1_45' title='bbox 1188 1314 1329 1393; x_wconf 77' lang='lat' dir='ltr'><strong>habeant,</strong></span> <span class='ocrx_word' id='word_1_46' title='bbox 1349 1316 1401 1380; x_wconf 78' lang='lat' dir='ltr'><strong>scil</strong></span> <span class='ocrx_word' id='word_1_47' title='bbox 1415 1326 1449 1381; x_wconf 94' lang='lat' dir='ltr'><strong>ut</strong></span> <span class='ocrx_word' id='word_1_48' title='bbox 1464 1317 1585 1394; x_wconf 66' lang='lat' dir='ltr'><strong>hones,</strong></span> 
     </span>
     <span class='ocr_line' id='line_1_7' title="bbox 415 1416 1585 1504; baseline 0.006 -27"><span class='ocrx_word' id='word_1_49' title='bbox 415 1435 454 1480; x_wconf 84' lang='lat' dir='ltr'><strong>ex</strong></span> <span class='ocrx_word' id='word_1_50' title='bbox 475 1430 604 1498; x_wconf 72' lang='lat' dir='ltr'><strong>(pirorum</strong></span> <span class='ocrx_word' id='word_1_51' title='bbox 624 1438 752 1485; x_wconf 88' lang='lat' dir='ltr'><strong>nurnero</strong></span> <span class='ocrx_word' id='word_1_52' title='bbox 771 1421 905 1504; x_wconf 87' lang='lat' dir='ltr'><strong>plerique</strong></span> <span class='ocrx_word' id='word_1_53' title='bbox 923 1420 1029 1484; x_wconf 86' lang='lat' dir='ltr'><strong>irarum</strong></span> <span class='ocrx_word' id='word_1_54' title='bbox 1046 1416 1241 1501; x_wconf 81' lang='lat' dir='ltr'><strong>scriptionum</strong></span> <span class='ocrx_word' id='word_1_55' title='bbox 1255 1418 1380 1482; x_wconf 85' lang='lat' dir='ltr'><strong>lectores</strong></span> <span class='ocrx_word' id='word_1_56' title='bbox 1396 1439 1464 1483; x_wconf 90' lang='lat' dir='ltr'><strong>csse</strong></span> <span class='ocrx_word' id='word_1_57' title='bbox 1479 1422 1585 1496; x_wconf 85' lang='lat' dir='ltr'><strong>solent,</strong></span> 
     </span>
     <span class='ocr_line' id='line_1_8' title="bbox 416 1521 1586 1608; baseline 0.004 -24"><span class='ocrx_word' id='word_1_58' title='bbox 416 1521 635 1586; x_wconf 80' lang='lat' dir='ltr'><strong>admoneantur</strong></span> <span class='ocrx_word' id='word_1_59' title='bbox 653 1523 737 1589; x_wconf 82' lang='lat' dir='ltr'><strong>[labii</strong></span> <span class='ocrx_word' id='word_1_60' title='bbox 755 1525 905 1607; x_wconf 85' lang='lat' dir='ltr'><strong>exemplo,</strong></span> <span class='ocrx_word' id='word_1_61' title='bbox 929 1543 990 1608; x_wconf 90' lang='lat' dir='ltr'><strong>quo</strong></span> <span class='ocrx_word' id='word_1_62' title='bbox 1011 1523 1102 1587; x_wconf 86' lang='lat' dir='ltr'><strong>morlo</strong></span> <span class='ocrx_word' id='word_1_63' title='bbox 1123 1521 1154 1585; x_wconf 93' lang='lat' dir='ltr'><strong>in</strong></span> <span class='ocrx_word' id='word_1_64' title='bbox 1174 1521 1346 1587; x_wconf 83' lang='lat' dir='ltr'><strong>huiusmodi</strong></span> <span class='ocrx_word' id='word_1_65' title='bbox 1361 1525 1586 1606; x_wconf 80' lang='lat' dir='ltr'><strong>quaestionibus</strong></span> 
     </span>
     <span class='ocr_line' id='line_1_9' title="bbox 415 1625 1585 1712; baseline 0.003 -24"><span class='ocrx_word' id='word_1_66' title='bbox 415 1642 481 1688; x_wconf 93' lang='lat' dir='ltr'><strong>non</strong></span> <span class='ocrx_word' id='word_1_67' title='bbox 496 1626 689 1703; x_wconf 71' lang='lat' dir='ltr'><strong>versantium,</strong></span> <span class='ocrx_word' id='word_1_68' title='bbox 710 1628 761 1712; x_wconf 90' lang='lat' dir='ltr'><strong>qui</strong></span> <span class='ocrx_word' id='word_1_69' title='bbox 779 1647 914 1704; x_wconf 86' lang='lat' dir='ltr'><strong>errores,</strong></span> <span class='ocrx_word' id='word_1_70' title='bbox 932 1645 1009 1712; x_wconf 89' lang='lat' dir='ltr'><strong>quac</strong></span> <span class='ocrx_word' id='word_1_71' title='bbox 1023 1626 1091 1691; x_wconf 83' lang='lat' dir='ltr'><strong>vitia</strong></span> <span class='ocrx_word' id='word_1_72' title='bbox 1106 1625 1233 1690; x_wconf 82' lang='lat' dir='ltr'><strong>carenda</strong></span> <span class='ocrx_word' id='word_1_73' title='bbox 1248 1627 1317 1690; x_wconf 85' lang='lat' dir='ltr'><strong>sint</strong></span> <span class='ocrx_word' id='word_1_74' title='bbox 1345 1627 1404 1690; x_wconf 84' lang='lat' dir='ltr'><strong>Seri</strong></span> <span class='ocrx_word' id='word_1_75' title='bbox 1420 1635 1585 1710; x_wconf 75' lang='lat' dir='ltr'><strong>ungentes</strong></span> 
     </span>
     <span class='ocr_line' id='line_1_10' title="bbox 417 1729 1585 1816; baseline 0 -22"><span class='ocrx_word' id='word_1_76' title='bbox 417 1739 549 1806; x_wconf 82' lang='lat' dir='ltr'><strong>tantuna,</strong></span> <span class='ocrx_word' id='word_1_77' title='bbox 570 1751 647 1813; x_wconf 89' lang='lat' dir='ltr'><strong>quae</strong></span> <span class='ocrx_word' id='word_1_78' title='bbox 665 1751 741 1797; x_wconf 85' lang='lat' dir='ltr'><strong>nora</strong></span> <span class='ocrx_word' id='word_1_79' title='bbox 760 1742 790 1796; x_wconf 88' lang='lat' dir='ltr'><strong>ct</strong></span> <span class='ocrx_word' id='word_1_80' title='bbox 808 1733 886 1797; x_wconf 91' lang='lat' dir='ltr'><strong>illius</strong></span> <span class='ocrx_word' id='word_1_81' title='bbox 902 1730 1022 1816; x_wconf 88' lang='lat' dir='ltr'><strong>propria</strong></span> <span class='ocrx_word' id='word_1_82' title='bbox 1037 1739 1123 1808; x_wconf 75' lang='lat' dir='ltr'><strong>sunt3</strong></span> <span class='ocrx_word' id='word_1_83' title='bbox 1142 1751 1216 1814; x_wconf 90' lang='lat' dir='ltr'><strong>quae</strong></span> <span class='ocrx_word' id='word_1_84' title='bbox 1230 1729 1400 1794; x_wconf 84' lang='lat' dir='ltr'><strong>eonrmunia</strong></span> <span class='ocrx_word' id='word_1_85' title='bbox 1415 1731 1504 1796; x_wconf 90' lang='lat' dir='ltr'><strong>habet</strong></span> <span class='ocrx_word' id='word_1_86' title='bbox 1517 1750 1585 1795; x_wconf 88' lang='lat' dir='ltr'><strong>curn</strong></span> 
     </span>
     <span class='ocr_line' id='line_1_11' title="bbox 415 1833 1585 1921; baseline 0.001 -23"><span class='ocrx_word' id='word_1_87' title='bbox 415 1834 522 1898; x_wconf 76' lang='lat' dir='ltr'><strong>cretio</strong></span> <span class='ocrx_word' id='word_1_88' title='bbox 542 1835 662 1900; x_wconf 92' lang='lat' dir='ltr'><strong>silentio</strong></span> <span class='ocrx_word' id='word_1_89' title='bbox 683 1837 927 1921; x_wconf 83' lang='lat' dir='ltr'><strong>praetermittam,</strong></span> <span class='ocrx_word' id='word_1_90' title='bbox 948 1845 1051 1919; x_wconf 90' lang='lat' dir='ltr'><strong>utpote</strong></span> <span class='ocrx_word' id='word_1_91' title='bbox 1066 1835 1124 1900; x_wconf 90' lang='lat' dir='ltr'><strong>iarn</strong></span> <span class='ocrx_word' id='word_1_92' title='bbox 1140 1833 1206 1899; x_wconf 89' lang='lat' dir='ltr'><strong>alibi</strong></span> <span class='ocrx_word' id='word_1_93' title='bbox 1221 1837 1356 1899; x_wconf 80' lang='lat' dir='ltr'><strong>refutatu.</strong></span> <span class='ocrx_word' id='word_1_94' title='bbox 1390 1833 1471 1899; x_wconf 82' lang='lat' dir='ltr'><strong>Nerva</strong></span> <span class='ocrx_word' id='word_1_95' title='bbox 1488 1845 1585 1900; x_wconf 84' lang='lat' dir='ltr'><strong>autern</strong></span> 
     </span>
     <span class='ocr_line' id='line_1_12' title="bbox 417 1935 1586 2023; baseline -0.001 -20"><span class='ocrx_word' id='word_1_96' title='bbox 417 1938 476 2003; x_wconf 84' lang='lat' dir='ltr'><strong>ista</strong></span> <span class='ocrx_word' id='word_1_97' title='bbox 491 1938 599 2021; x_wconf 85' lang='lat' dir='ltr'><strong>partim</strong></span> <span class='ocrx_word' id='word_1_98' title='bbox 614 1940 652 2004; x_wconf 84' lang='lat' dir='ltr'><strong>ad</strong></span> <span class='ocrx_word' id='word_1_99' title='bbox 666 1942 794 2023; x_wconf 85' lang='lat' dir='ltr'><strong>primam</strong></span> <span class='ocrx_word' id='word_1_100' title='bbox 808 1942 1051 2005; x_wconf 89' lang='lat' dir='ltr'><strong>nomothcturum</strong></span> <span class='ocrx_word' id='word_1_101' title='bbox 1066 1937 1281 2003; x_wconf 83' lang='lat' dir='ltr'><strong>institutionem</strong></span> <span class='ocrx_word' id='word_1_102' title='bbox 1296 1935 1457 2021; x_wconf 82' lang='lat' dir='ltr'><strong>pertinent,</strong></span> <span class='ocrx_word' id='word_1_103' title='bbox 1478 1937 1586 2020; x_wconf 87' lang='lat' dir='ltr'><strong>partim</strong></span> 
     </span>
     <span class='ocr_line' id='line_1_13' title="bbox 417 2041 1585 2128; baseline 0 -22"><span class='ocrx_word' id='word_1_104' title='bbox 417 2041 457 2106; x_wconf 82' lang='lat' dir='ltr'><strong>ael</strong></span> <span class='ocrx_word' id='word_1_105' title='bbox 470 2061 539 2106; x_wconf 85' lang='lat' dir='ltr'><strong>euro</strong></span> <span class='ocrx_word' id='word_1_106' title='bbox 552 2043 594 2106; x_wconf 82' lang='lat' dir='ltr'><strong>mi</strong></span> <span class='ocrx_word' id='word_1_107' title='bbox 605 2045 729 2109; x_wconf 77' lang='lat' dir='ltr'><strong>rotrodum</strong></span> <span class='ocrx_word' id='word_1_108' title='bbox 741 2054 830 2128; x_wconf 85' lang='lat' dir='ltr'><strong>atque</strong></span> <span class='ocrx_word' id='word_1_109' title='bbox 840 2045 985 2122; x_wconf 79' lang='lat' dir='ltr'><strong>ordinem,</strong></span> <span class='ocrx_word' id='word_1_110' title='bbox 999 2063 1089 2128; x_wconf 87' lang='lat' dir='ltr'><strong>quem</strong></span> <span class='ocrx_word' id='word_1_111' title='bbox 1100 2041 1307 2108; x_wconf 82' lang='lat' dir='ltr'><strong>Demosthenis</strong></span> <span class='ocrx_word' id='word_1_112' title='bbox 1319 2050 1413 2108; x_wconf 83' lang='lat' dir='ltr'><strong>astate</strong></span> <span class='ocrx_word' id='word_1_113' title='bbox 1423 2041 1585 2124; x_wconf 75' lang='lat' dir='ltr'><strong>legitimum</strong></span> 
     </span>
     <span class='ocr_line' id='line_1_14' title="bbox 418 2145 1034 2214; baseline 0.005 -5"><span class='ocrx_word' id='word_1_114' title='bbox 418 2145 511 2210; x_wconf 85' lang='lat' dir='ltr'><strong>luisse</strong></span> <span class='ocrx_word' id='word_1_115' title='bbox 525 2165 561 2210; x_wconf 83' lang='lat' dir='ltr'><strong>ex</strong></span> <span class='ocrx_word' id='word_1_116' title='bbox 576 2146 666 2212; x_wconf 90' lang='lat' dir='ltr'><strong>buius</strong></span> <span class='ocrx_word' id='word_1_117' title='bbox 681 2147 865 2213; x_wconf 83' lang='lat' dir='ltr'><strong>emtionibus</strong></span> <span class='ocrx_word' id='word_1_118' title='bbox 879 2147 1034 2214; x_wconf 80' lang='lat' dir='ltr'><strong>discimus.</strong></span> 
     </span>
     <span class='ocr_line' id='line_1_15' title="bbox 505 2248 1585 2333; baseline 0.001 -22"><span class='ocrx_word' id='word_1_119' title='bbox 505 2249 606 2332; x_wconf 87' lang='lat' dir='ltr'><strong>ltaque</strong></span> <span class='ocrx_word' id='word_1_120' title='bbox 630 2249 774 2333; x_wconf 72' lang='lat' dir='ltr'><strong>originem</strong></span> <span class='ocrx_word' id='word_1_121' title='bbox 797 2251 887 2317; x_wconf 89' lang='lat' dir='ltr'><strong>huius</strong></span> <span class='ocrx_word' id='word_1_122' title='bbox 909 2251 1150 2316; x_wconf 84' lang='lat' dir='ltr'><strong>nomothctarunr</strong></span> <span class='ocrx_word' id='word_1_123' title='bbox 1174 2248 1300 2314; x_wconf 89' lang='lat' dir='ltr'><strong>instituti</strong></span> <span class='ocrx_word' id='word_1_124' title='bbox 1321 2249 1364 2314; x_wconf 83' lang='lat' dir='ltr'><strong>sir</strong></span> <span class='ocrx_word' id='word_1_125' title='bbox 1383 2248 1585 2324; x_wconf 84' lang='lat' dir='ltr'><strong>acutissimus,</strong></span> 
     </span>
     <span class='ocr_line' id='line_1_16' title="bbox 372 2351 1586 2438; baseline -0.002 -20"><span class='ocrx_word' id='word_1_126' title='bbox 372 2365 393 2418; x_wconf 85' lang='lat' dir='ltr'><strong>‘t</strong></span> <span class='ocrx_word' id='word_1_127' title='bbox 419 2372 451 2435; x_wconf 87' lang='lat' dir='ltr'><strong>p.</strong></span> <span class='ocrx_word' id='word_1_128' title='bbox 467 2351 502 2426; x_wconf 79' lang='lat' dir='ltr'><strong>a,</strong></span> <span class='ocrx_word' id='word_1_129' title='bbox 522 2370 584 2417; x_wconf 82' lang='lat' dir='ltr'><strong>raon</strong></span> <span class='ocrx_word' id='word_1_130' title='bbox 603 2373 621 2416; x_wconf 90' lang='lat' dir='ltr'><strong>a</strong></span> <span class='ocrx_word' id='word_1_131' title='bbox 640 2353 765 2429; x_wconf 89' lang='lat' dir='ltr'><strong>Solone,</strong></span> <span class='ocrx_word' id='word_1_132' title='bbox 785 2374 873 2438; x_wconf 82' lang='lat' dir='ltr'><strong>querar</strong></span> <span class='ocrx_word' id='word_1_133' title='bbox 892 2365 1008 2418; x_wconf 81' lang='lat' dir='ltr'><strong>ueteres</strong></span> <span class='ocrx_word' id='word_1_134' title='bbox 1032 2354 1095 2418; x_wconf 90' lang='lat' dir='ltr'><strong>eius</strong></span> <span class='ocrx_word' id='word_1_135' title='bbox 1113 2361 1264 2418; x_wconf 73' lang='lat' dir='ltr'><strong>auctorent</strong></span> <span class='ocrx_word' id='word_1_136' title='bbox 1281 2353 1373 2416; x_wconf 88' lang='lat' dir='ltr'><strong>luisse</strong></span> <span class='ocrx_word' id='word_1_137' title='bbox 1387 2352 1586 2427; x_wconf 81' lang='lat' dir='ltr'><strong>creelielerunt,</strong></span> 
     </span>
     <span class='ocr_line' id='line_1_17' title="bbox 419 2451 1620 2542; baseline -0.001 -22"><span class='ocrx_word' id='word_1_138' title='bbox 419 2457 475 2520; x_wconf 81' lang='lat' dir='ltr'><strong>scel</strong></span> <span class='ocrx_word' id='word_1_139' title='bbox 489 2457 527 2519; x_wconf 85' lang='lat' dir='ltr'><strong>ah</strong></span> <span class='ocrx_word' id='word_1_140' title='bbox 544 2457 579 2520; x_wconf 89' lang='lat' dir='ltr'><strong>iis</strong></span> <span class='ocrx_word' id='word_1_141' title='bbox 594 2458 787 2541; x_wconf 80' lang='lat' dir='ltr'><strong>repetendam</strong></span> <span class='ocrx_word' id='word_1_142' title='bbox 802 2479 870 2522; x_wconf 87' lang='lat' dir='ltr'><strong>csso</strong></span> <span class='ocrx_word' id='word_1_143' title='bbox 881 2459 1028 2542; x_wconf 86' lang='lat' dir='ltr'><strong>opinatur,</strong></span> <span class='ocrx_word' id='word_1_144' title='bbox 1043 2457 1094 2541; x_wconf 86' lang='lat' dir='ltr'><strong>qui</strong></span> <span class='ocrx_word' id='word_1_145' title='bbox 1107 2475 1209 2520; x_wconf 80' lang='lat' dir='ltr'><strong>sersus</strong></span> <span class='ocrx_word' id='word_1_146' title='bbox 1222 2457 1309 2520; x_wconf 89' lang='lat' dir='ltr'><strong>hnern</strong></span> <span class='ocrx_word' id='word_1_147' title='bbox 1321 2455 1386 2520; x_wconf 90' lang='lat' dir='ltr'><strong>belli</strong></span> <span class='ocrx_word' id='word_1_148' title='bbox 1398 2456 1585 2541; x_wconf 83' lang='lat' dir='ltr'><strong>Peloponne-</strong></span> <span class='ocrx_word' id='word_1_149' title='bbox 1618 2451 1620 2456; x_wconf 79' lang='grc'><strong>’</strong></span> 
     </span>
     <span class='ocr_line' id='line_1_18' title="bbox 419 2557 1586 2643; baseline 0.002 -23"><span class='ocrx_word' id='word_1_150' title='bbox 419 2557 492 2622; x_wconf 80' lang='lat' dir='ltr'><strong>sieri</strong></span> <span class='ocrx_word' id='word_1_151' title='bbox 516 2561 631 2624; x_wconf 84' lang='lat' dir='ltr'><strong>sublata</strong></span> <span class='ocrx_word' id='word_1_152' title='bbox 651 2561 933 2643; x_wconf 76' lang='lat' dir='ltr'><strong>quadringentorum</strong></span> <span class='ocrx_word' id='word_1_153' title='bbox 954 2561 1157 2627; x_wconf 78' lang='lat' dir='ltr'><strong>‹lorriinntione</strong></span> <span class='ocrx_word' id='word_1_154' title='bbox 1182 2561 1344 2623; x_wconf 84' lang='lat' dir='ltr'><strong>libertatem</strong></span> <span class='ocrx_word' id='word_1_155' title='bbox 1364 2561 1476 2642; x_wconf 81' lang='lat' dir='ltr'><strong>perpulo</strong></span> <span class='ocrx_word' id='word_1_156' title='bbox 1498 2559 1586 2623; x_wconf 89' lang='lat' dir='ltr'><strong>resti·</strong></span> 
     </span>
     <span class='ocr_line' id='line_1_19' title="bbox 420 2662 1586 2749; baseline 0 -25"><span class='ocrx_word' id='word_1_157' title='bbox 420 2673 551 2736; x_wconf 77' lang='lat' dir='ltr'><strong>turrunt,</strong></span> <span class='ocrx_word' id='word_1_158' title='bbox 562 2683 622 2745; x_wconf 92' lang='lat' dir='ltr'><strong>quo</strong></span> <span class='ocrx_word' id='word_1_159' title='bbox 635 2674 778 2747; x_wconf 86' lang='lat' dir='ltr'><strong>tcnrpore,</strong></span> <span class='ocrx_word' id='word_1_160' title='bbox 789 2676 822 2729; x_wconf 93' lang='lat' dir='ltr'><strong>ut</strong></span> <span class='ocrx_word' id='word_1_161' title='bbox 832 2666 872 2730; x_wconf 91' lang='lat' dir='ltr'><strong>ait</strong></span> <span class='ocrx_word' id='word_1_162' title='bbox 882 2667 1067 2749; x_wconf 74' lang='lat' dir='ltr'><strong>hroepthtes</strong></span> <span class='ocrx_word' id='word_1_163' title='bbox 1079 2664 1151 2740; x_wconf 86' lang='lat' dir='ltr'><strong>l&#39;lll,</strong></span> <span class='ocrx_word' id='word_1_164' title='bbox 1163 2662 1214 2738; x_wconf 78' lang='lat' dir='ltr'><strong>ut,</strong></span> <span class='ocrx_word' id='word_1_165' title='bbox 1230 2662 1470 2726; x_wconf 75' lang='lat' dir='ltr'><strong>convocabantur</strong></span> <span class='ocrx_word' id='word_1_166' title='bbox 1482 2663 1586 2726; x_wconf 87' lang='lat' dir='ltr'><strong>erebro</strong></span> 
     </span>
     <span class='ocr_line' id='line_1_20' title="bbox 419 2764 1586 2851; baseline 0 -23"><span class='ocrx_word' id='word_1_167' title='bbox 419 2764 550 2840; x_wconf 71' lang='lat' dir='ltr'><strong>cremitis,</strong></span> <span class='ocrx_word' id='word_1_168' title='bbox 566 2767 596 2830; x_wconf 92' lang='lat' dir='ltr'><strong>in</strong></span> <span class='ocrx_word' id='word_1_169' title='bbox 612 2768 721 2850; x_wconf 91' lang='lat' dir='ltr'><strong>quibus</strong></span> <span class='ocrx_word' id='word_1_170' title='bbox 735 2787 828 2851; x_wconf 90' lang='lat' dir='ltr'><strong>quum</strong></span> <span class='ocrx_word' id='word_1_171' title='bbox 843 2768 909 2843; x_wconf 84' lang='lat' dir='ltr'><strong>alia,</strong></span> <span class='ocrx_word' id='word_1_172' title='bbox 929 2789 1005 2851; x_wconf 84' lang='lat' dir='ltr'><strong>quae</strong></span> <span class='ocrx_word' id='word_1_173' title='bbox 1020 2769 1057 2832; x_wconf 84' lang='lat' dir='ltr'><strong>nri</strong></span> <span class='ocrx_word' id='word_1_174' title='bbox 1071 2786 1137 2830; x_wconf 89' lang='lat' dir='ltr'><strong>reru</strong></span> <span class='ocrx_word' id='word_1_175' title='bbox 1153 2764 1302 2848; x_wconf 85' lang='lat' dir='ltr'><strong>publicani</strong></span> <span class='ocrx_word' id='word_1_176' title='bbox 1316 2765 1508 2848; x_wconf 86' lang='lat' dir='ltr'><strong>pertinerent,</strong></span> <span class='ocrx_word' id='word_1_177' title='bbox 1524 2776 1586 2829; x_wconf 85' lang='lat' dir='ltr'><strong>turn</strong></span> 
     </span>
     <span class='ocr_line' id='line_1_21' title="bbox 420 2857 1587 2955; baseline -0.001 -22"><span class='ocrx_word' id='word_1_178' title='bbox 420 2871 611 2933; x_wconf 85' lang='lat' dir='ltr'><strong>norootlretae</strong></span> <span class='ocrx_word' id='word_1_179' title='bbox 626 2889 747 2954; x_wconf 89' lang='lat' dir='ltr'><strong>quoque</strong></span> <span class='ocrx_word' id='word_1_180' title='bbox 762 2872 872 2935; x_wconf 77' lang='lat' dir='ltr'><strong>elrcreti</strong></span> <span class='ocrx_word' id='word_1_181' title='bbox 889 2882 973 2935; x_wconf 82' lang='lat' dir='ltr'><strong>stant:</strong></span> <span class='ocrx_word' id='word_1_182' title='bbox 996 2862 1170 2955; x_wconf 77' lang='grc' dir='ltr'><strong><em>ἐγίγνοντο,</em></strong></span> <span class='ocrx_word' id='word_1_183' title='bbox 1187 2867 1291 2950; x_wconf 87' lang='lat' dir='ltr'><strong>iuquit,</strong></span> <span class='ocrx_word' id='word_1_184' title='bbox 1305 2863 1363 2932; x_wconf 80' lang='grc' dir='ltr'><strong>καὶ</strong></span> <span class='ocrx_word' id='word_1_185' title='bbox 1378 2857 1477 2932; x_wconf 74' lang='grc' dir='ltr'><strong><em>ἄλλαι</em></strong></span> <span class='ocrx_word' id='word_1_186' title='bbox 1491 2861 1587 2932; x_wconf 72' lang='lat' dir='ltr'><strong>{iosa-</strong></span> 
     </span>
     <span class='ocr_line' id='line_1_22' title="bbox 419 2957 1588 3061; baseline 0.002 -28"><span class='ocrx_word' id='word_1_187' title='bbox 419 2993 481 3055; x_wconf 79' lang='grc' dir='ltr'><strong>ρον</strong></span> <span class='ocrx_word' id='word_1_188' title='bbox 499 2967 623 3037; x_wconf 72' lang='grc' dir='ltr'><strong><em>πυκναὶ</em></strong></span> <span class='ocrx_word' id='word_1_189' title='bbox 642 2965 831 3059; x_wconf 64' lang='grc' dir='ltr'><strong><em>ἐκκλησίαι,</em></strong></span> <span class='ocrx_word' id='word_1_190' title='bbox 853 2963 917 3061; x_wconf 79' lang='lat' dir='ltr'><strong>eirp&#39;</strong></span> <span class='ocrx_word' id='word_1_191' title='bbox 929 2958 976 3037; x_wconf 80' lang='grc' dir='ltr'><strong>ὧν</strong></span> <span class='ocrx_word' id='word_1_192' title='bbox 993 2967 1051 3038; x_wconf 80' lang='grc' dir='ltr'><strong>καὶ</strong></span> <span class='ocrx_word' id='word_1_193' title='bbox 1065 2964 1254 3054; x_wconf 75' lang='grc' dir='ltr'><strong><em>νομοθέτας</em></strong></span> <span class='ocrx_word' id='word_1_194' title='bbox 1268 2966 1326 3034; x_wconf 79' lang='grc' dir='ltr'><strong>καὶ</strong></span> <span class='ocrx_word' id='word_1_195' title='bbox 1340 2957 1446 3035; x_wconf 79' lang='grc' dir='ltr'><strong><em>τᾶλλα</em></strong></span> <span class='ocrx_word' id='word_1_196' title='bbox 1460 2962 1588 3057; x_wconf 65' lang='grc' dir='ltr'><strong><em>ἐψηφί-</em></strong></span> 
     </span>
     <span class='ocr_line' id='line_1_23' title="bbox 416 3067 1587 3160; baseline -0.002 -22"><span class='ocrx_word' id='word_1_197' title='bbox 416 3092 522 3138; x_wconf 75' lang='grc' dir='ltr'><strong><em>σαντο</em></strong></span> <span class='ocrx_word' id='word_1_198' title='bbox 536 3068 571 3151; x_wconf 75' lang='grc' dir='ltr'><strong>ἐς</strong></span> <span class='ocrx_word' id='word_1_199' title='bbox 584 3071 644 3160; x_wconf 71' lang='grc' dir='ltr'><strong>τὴν</strong></span> <span class='ocrx_word' id='word_1_200' title='bbox 657 3067 842 3139; x_wconf 72' lang='grc' dir='ltr'><strong><em>πολιτείαν.</em></strong></span> <span class='ocrx_word' id='word_1_201' title='bbox 874 3076 1051 3159; x_wconf 77' lang='lat' dir='ltr'><strong>Quicunque</strong></span> <span class='ocrx_word' id='word_1_202' title='bbox 1065 3075 1163 3139; x_wconf 84' lang='lat' dir='ltr'><strong>arlhue</strong></span> <span class='ocrx_word' id='word_1_203' title='bbox 1178 3074 1284 3137; x_wconf 90' lang='lat' dir='ltr'><strong>horurn</strong></span> <span class='ocrx_word' id='word_1_204' title='bbox 1308 3083 1476 3154; x_wconf 83' lang='lat' dir='ltr'><strong>temporum</strong></span> <span class='ocrx_word' id='word_1_205' title='bbox 1492 3073 1587 3136; x_wconf 87' lang='lat' dir='ltr'><strong>histo·</strong></span> 
     </span>
     <span class='ocr_line' id='line_1_24' title="bbox 418 3175 1590 3260; baseline -0.003 -20"><span class='ocrx_word' id='word_1_206' title='bbox 418 3177 496 3240; x_wconf 86' lang='lat' dir='ltr'><strong>riarn</strong></span> <span class='ocrx_word' id='word_1_207' title='bbox 517 3185 692 3252; x_wconf 71' lang='lat' dir='ltr'><strong>trasmunt,</strong></span> <span class='ocrx_word' id='word_1_208' title='bbox 717 3197 823 3241; x_wconf 79' lang='lat' dir='ltr'><strong>orienes</strong></span> <span class='ocrx_word' id='word_1_209' title='bbox 841 3177 1021 3260; x_wconf 76' lang='lat' dir='ltr'><strong>Tlrucyrhrlis</strong></span> <span class='ocrx_word' id='word_1_210' title='bbox 1041 3179 1238 3242; x_wconf 83' lang='lat' dir='ltr'><strong>narrationem</strong></span> <span class='ocrx_word' id='word_1_211' title='bbox 1260 3175 1304 3240; x_wconf 90' lang='lat' dir='ltr'><strong>sie</strong></span> <span class='ocrx_word' id='word_1_212' title='bbox 1323 3176 1536 3250; x_wconf 81' lang='lat' dir='ltr'><strong>intellexerunt,</strong></span> <span class='ocrx_word' id='word_1_213' title='bbox 1557 3184 1590 3238; x_wconf 87' lang='lat' dir='ltr'><strong>ut</strong></span> 
     </span>
     <span class='ocr_line' id='line_1_25' title="bbox 416 3277 1588 3363; baseline -0.004 -20"><span class='ocrx_word' id='word_1_214' title='bbox 416 3278 670 3343; x_wconf 75' lang='lat' dir='ltr'><strong>extraordinarios</strong></span> <span class='ocrx_word' id='word_1_215' title='bbox 685 3281 742 3343; x_wconf 86' lang='lat' dir='ltr'><strong>boa</strong></span> <span class='ocrx_word' id='word_1_216' title='bbox 757 3282 947 3345; x_wconf 89' lang='lat' dir='ltr'><strong>nomothetas</strong></span> <span class='ocrx_word' id='word_1_217' title='bbox 963 3281 1055 3344; x_wconf 87' lang='lat' dir='ltr'><strong>luisse</strong></span> <span class='ocrx_word' id='word_1_218' title='bbox 1072 3287 1275 3363; x_wconf 81' lang='lat' dir='ltr'><strong>agnoscerent,</strong></span> <span class='ocrx_word' id='word_1_219' title='bbox 1291 3277 1400 3360; x_wconf 87' lang='lat' dir='ltr'><strong>pariter</strong></span> <span class='ocrx_word' id='word_1_220' title='bbox 1414 3287 1502 3359; x_wconf 88' lang='lat' dir='ltr'><strong>atquc</strong></span> <span class='ocrx_word' id='word_1_221' title='bbox 1514 3279 1588 3350; x_wconf 89' lang='lat' dir='ltr'><strong>illos,</strong></span> 
     </span>
     <span class='ocr_line' id='line_1_26' title="bbox 417 3379 1589 3465; baseline -0.002 -21"><span class='ocrx_word' id='word_1_222' title='bbox 417 3381 470 3465; x_wconf 90' lang='lat' dir='ltr'><strong>qui</strong></span> <span class='ocrx_word' id='word_1_223' title='bbox 490 3384 589 3465; x_wconf 85' lang='lat' dir='ltr'><strong>paullo</strong></span> <span class='ocrx_word' id='word_1_224' title='bbox 609 3392 678 3446; x_wconf 83' lang='lat' dir='ltr'><strong>ante</strong></span> <span class='ocrx_word' id='word_1_225' title='bbox 696 3383 734 3445; x_wconf 91' lang='lat' dir='ltr'><strong>ab</strong></span> <span class='ocrx_word' id='word_1_226' title='bbox 754 3381 910 3463; x_wconf 76' lang='lat' dir='ltr'><strong>eligam-his</strong></span> <span class='ocrx_word' id='word_1_227' title='bbox 929 3383 1012 3445; x_wconf 59' lang='lat' dir='ltr'><strong>relecti</strong></span> <span class='ocrx_word' id='word_1_228' title='bbox 1033 3395 1118 3448; x_wconf 85' lang='lat' dir='ltr'><strong>erunt</strong></span> <span class='ocrx_word' id='word_1_229' title='bbox 1136 3381 1248 3462; x_wconf 78' lang='lat' dir='ltr'><strong>legibus</strong></span> <span class='ocrx_word' id='word_1_230' title='bbox 1269 3379 1447 3454; x_wconf 72' lang='lat' dir='ltr'><strong>concientiis,</strong></span> <span class='ocrx_word' id='word_1_231' title='bbox 1473 3379 1589 3461; x_wconf 77' lang='lat' dir='ltr'><strong>triginta</strong></span> 
     </span>
     <span class='ocr_line' id='line_1_27' title="bbox 419 3481 1589 3572; baseline -0.002 -24"><span class='ocrx_word' id='word_1_232' title='bbox 419 3505 547 3549; x_wconf 66' lang='lat' dir='ltr'><strong>nume-ro</strong></span> <span class='ocrx_word' id='word_1_233' title='bbox 562 3485 613 3567; x_wconf 91' lang='lat' dir='ltr'><strong>qui</strong></span> <span class='ocrx_word' id='word_1_234' title='bbox 628 3484 829 3572; x_wconf 71' lang='grc' dir='ltr'><strong><em>συγγραφεῖς</em></strong></span> <span class='ocrx_word' id='word_1_235' title='bbox 844 3486 1035 3561; x_wconf 78' lang='lat' dir='ltr'><strong>romlrantur,</strong></span> <span class='ocrx_word' id='word_1_236' title='bbox 1050 3504 1172 3566; x_wconf 88' lang='lat' dir='ltr'><strong>eosque,</strong></span> <span class='ocrx_word' id='word_1_237' title='bbox 1187 3481 1237 3564; x_wconf 92' lang='lat' dir='ltr'><strong>qui</strong></span> <span class='ocrx_word' id='word_1_238' title='bbox 1253 3491 1324 3564; x_wconf 91' lang='lat' dir='ltr'><strong>post</strong></span> <span class='ocrx_word' id='word_1_239' title='bbox 1337 3491 1456 3546; x_wconf 86' lang='lat' dir='ltr'><strong>exactos</strong></span> <span class='ocrx_word' id='word_1_240' title='bbox 1473 3481 1589 3562; x_wconf 78' lang='lat' dir='ltr'><strong>triginta</strong></span> 
     </span>
     <span class='ocr_line' id='line_1_28' title="bbox 422 3585 1591 3670; baseline -0.003 -20"><span class='ocrx_word' id='word_1_241' title='bbox 422 3587 550 3670; x_wconf 68' lang='lat' dir='ltr'><strong>{rogation</strong></span> <span class='ocrx_word' id='word_1_242' title='bbox 569 3588 659 3652; x_wconf 83' lang='lat' dir='ltr'><strong>crenti</strong></span> <span class='ocrx_word' id='word_1_243' title='bbox 678 3597 751 3651; x_wconf 88' lang='lat' dir='ltr'><strong>sunt</strong></span> <span class='ocrx_word' id='word_1_244' title='bbox 769 3587 822 3650; x_wconf 85' lang='lat' dir='ltr'><strong>riri</strong></span> <span class='ocrx_word' id='word_1_245' title='bbox 843 3586 995 3667; x_wconf 78' lang='lat' dir='ltr'><strong>quingenti</strong></span> <span class='ocrx_word' id='word_1_246' title='bbox 1017 3589 1054 3653; x_wconf 80' lang='lat' dir='ltr'><strong>ael</strong></span> <span class='ocrx_word' id='word_1_247' title='bbox 1073 3589 1152 3668; x_wconf 79' lang='lat' dir='ltr'><strong>leges</strong></span> <span class='ocrx_word' id='word_1_248' title='bbox 1168 3585 1423 3665; x_wconf 79' lang='lat' dir='ltr'><strong>recognoscendas</strong></span> <span class='ocrx_word' id='word_1_249' title='bbox 1439 3603 1591 3666; x_wconf 78' lang='lat' dir='ltr'><strong>novasque</strong></span> 
     </span>
     <span class='ocr_line' id='line_1_29' title="bbox 421 3688 1648 3778; baseline -0.003 -24"><span class='ocrx_word' id='word_1_250' title='bbox 421 3691 621 3754; x_wconf 71' lang='lat' dir='ltr'><strong>conterentes</strong></span> <span class='ocrx_word' id='word_1_251' title='bbox 637 3700 690 3754; x_wconf 86' lang='lat' dir='ltr'><strong>aut</strong></span> <span class='ocrx_word' id='word_1_252' title='bbox 702 3690 740 3754; x_wconf 84' lang='lat' dir='ltr'><strong>ab</strong></span> <span class='ocrx_word' id='word_1_253' title='bbox 755 3689 826 3754; x_wconf 81' lang='lat' dir='ltr'><strong>elias</strong></span> <span class='ocrx_word' id='word_1_254' title='bbox 840 3690 915 3754; x_wconf 84' lang='lat' dir='ltr'><strong>latas</strong></span> <span class='ocrx_word' id='word_1_255' title='bbox 929 3691 1141 3755; x_wconf 84' lang='lat' dir='ltr'><strong>examinandas</strong></span> <span class='ocrx_word' id='word_1_256' title='bbox 1157 3690 1402 3774; x_wconf 84' lang='lat' dir='ltr'><strong>probandasque,</strong></span> <span class='ocrx_word' id='word_1_257' title='bbox 1423 3689 1473 3771; x_wconf 78' lang='lat' dir='ltr'><strong>equi</strong></span> <span class='ocrx_word' id='word_1_258' title='bbox 1489 3699 1518 3752; x_wconf 88' lang='lat' dir='ltr'><strong>ct</strong></span> <span class='ocrx_word' id='word_1_259' title='bbox 1533 3688 1589 3770; x_wconf 91' lang='lat' dir='ltr'><strong>ipsi</strong></span> <span class='ocrx_word' id='word_1_260' title='bbox 1625 3751 1627 3754; x_wconf 83' lang='lat'><em>.</em></span> <span class='ocrx_word' id='word_1_261' title='bbox 1643 3765 1648 3778; x_wconf 31' lang='grc' dir='ltr'>ι</span> 
     </span>
     <span class='ocr_line' id='line_1_30' title="bbox 425 3789 1589 3878; baseline -0.001 -23"><span class='ocrx_word' id='word_1_262' title='bbox 425 3794 614 3858; x_wconf 83' lang='lat' dir='ltr'><strong>norriotlretnc</strong></span> <span class='ocrx_word' id='word_1_263' title='bbox 629 3795 812 3858; x_wconf 79' lang='lat' dir='ltr'><strong>dicebantur.</strong></span> <span class='ocrx_word' id='word_1_264' title='bbox 835 3793 897 3857; x_wconf 87' lang='lat' dir='ltr'><strong>Nec</strong></span> <span class='ocrx_word' id='word_1_265' title='bbox 911 3811 985 3858; x_wconf 89' lang='lat' dir='ltr'><strong>sane</strong></span> <span class='ocrx_word' id='word_1_266' title='bbox 1000 3795 1170 3878; x_wconf 84' lang='lat' dir='ltr'><strong>quisqunnr,</strong></span> <span class='ocrx_word' id='word_1_267' title='bbox 1186 3791 1237 3873; x_wconf 76' lang='lat' dir='ltr'><strong>equi</strong></span> <span class='ocrx_word' id='word_1_268' title='bbox 1253 3791 1296 3854; x_wconf 81' lang='lat' dir='ltr'><strong>rel</strong></span> <span class='ocrx_word' id='word_1_269' title='bbox 1311 3789 1490 3854; x_wconf 83' lang='lat' dir='ltr'><strong>narrationis</strong></span> <span class='ocrx_word' id='word_1_270' title='bbox 1505 3791 1589 3854; x_wconf 85' lang='lat' dir='ltr'><strong>Thu·</strong></span> 
     </span>
     <span class='ocr_line' id='line_1_31' title="bbox 424 3895 1589 3980; baseline -0.003 -22"><span class='ocrx_word' id='word_1_271' title='bbox 424 3896 562 3980; x_wconf 75' lang='lat' dir='ltr'><strong>eprlirleae</strong></span> <span class='ocrx_word' id='word_1_272' title='bbox 577 3906 748 3962; x_wconf 78' lang='lat' dir='ltr'><strong>cernicatunr</strong></span> <span class='ocrx_word' id='word_1_273' title='bbox 763 3895 1004 3973; x_wconf 80' lang='lat' dir='ltr'><strong>rensitlerarerit,</strong></span> <span class='ocrx_word' id='word_1_274' title='bbox 1020 3899 1063 3962; x_wconf 82' lang='lat' dir='ltr'><strong>rel</strong></span> <span class='ocrx_word' id='word_1_275' title='bbox 1079 3906 1232 3962; x_wconf 87' lang='lat' dir='ltr'><strong>oratorum</strong></span> <span class='ocrx_word' id='word_1_276' title='bbox 1246 3897 1283 3960; x_wconf 79' lang='lat' dir='ltr'><strong>ele</strong></span> <span class='ocrx_word' id='word_1_277' title='bbox 1299 3907 1415 3960; x_wconf 76' lang='lat' dir='ltr'><strong>uetusto</strong></span> <span class='ocrx_word' id='word_1_278' title='bbox 1430 3898 1589 3960; x_wconf 87' lang='lat' dir='ltr'><strong>nurrrothe-</strong></span> 
     </span>
     <span class='ocr_line' id='line_1_32' title="bbox 424 3998 1701 4092; baseline -0.002 -27"><span class='ocrx_word' id='word_1_279' title='bbox 424 4012 522 4066; x_wconf 81' lang='lat' dir='ltr'><strong>tamin</strong></span> <span class='ocrx_word' id='word_1_280' title='bbox 547 3999 685 4064; x_wconf 87' lang='lat' dir='ltr'><strong>instituto</strong></span> <span class='ocrx_word' id='word_1_281' title='bbox 711 3999 880 4064; x_wconf 82' lang='lat' dir='ltr'><strong>testimonia</strong></span> <span class='ocrx_word' id='word_1_282' title='bbox 905 4001 1111 4084; x_wconf 80' lang='lat' dir='ltr'><strong>peqienrlerit,</strong></span> <span class='ocrx_word' id='word_1_283' title='bbox 1138 4001 1220 4066; x_wconf 89' lang='lat' dir='ltr'><strong>aliter</strong></span> <span class='ocrx_word' id='word_1_284' title='bbox 1240 3998 1369 4064; x_wconf 86' lang='lat' dir='ltr'><strong>iudicare</strong></span> <span class='ocrx_word' id='word_1_285' title='bbox 1389 4008 1496 4081; x_wconf 75' lang='lat' dir='ltr'><strong>protest</strong></span> <span class='ocrx_word' id='word_1_286' title='bbox 1537 4001 1590 4064; x_wconf 89' lang='lat' dir='ltr'><strong>Cui</strong></span> <span class='ocrx_word' id='word_1_287' title='bbox 1698 4085 1701 4092; x_wconf 26' lang='grc' dir='ltr'>Ι</span> 
     </span>
     <span class='ocr_line' id='line_1_33' title="bbox 423 4101 1591 4178; baseline -0.003 -9"><span class='ocrx_word' id='word_1_288' title='bbox 423 4104 506 4169; x_wconf 89' lang='lat' dir='ltr'><strong>enim</strong></span> <span class='ocrx_word' id='word_1_289' title='bbox 518 4103 657 4169; x_wconf 76' lang='lat' dir='ltr'><strong>crcilibilc</strong></span> <span class='ocrx_word' id='word_1_290' title='bbox 668 4104 824 4178; x_wconf 81' lang='lat' dir='ltr'><strong>rirlebitur,</strong></span> <span class='ocrx_word' id='word_1_291' title='bbox 838 4103 1017 4168; x_wconf 82' lang='lat' dir='ltr'><strong>hesclrinem</strong></span> <span class='ocrx_word' id='word_1_292' title='bbox 1032 4103 1303 4168; x_wconf 87' lang='lat' dir='ltr'><strong>ctllemosthcnem</strong></span> <span class='ocrx_word' id='word_1_293' title='bbox 1318 4101 1355 4164; x_wconf 86' lang='lat' dir='ltr'><strong>de</strong></span> <span class='ocrx_word' id='word_1_294' title='bbox 1370 4119 1402 4164; x_wconf 92' lang='lat' dir='ltr'><strong>re</strong></span> <span class='ocrx_word' id='word_1_295' title='bbox 1416 4116 1478 4163; x_wconf 91' lang='lat' dir='ltr'><strong>uon</strong></span> <span class='ocrx_word' id='word_1_296' title='bbox 1490 4102 1591 4165; x_wconf 91' lang='lat' dir='ltr'><strong>multis</strong></span> 
     </span>
     <span class='ocr_line' id='line_1_34' title="bbox 424 4201 1591 4273; baseline -0.005 0"><span class='ocrx_word' id='word_1_297' title='bbox 424 4219 494 4273; x_wconf 83' lang='lat' dir='ltr'><strong>ante</strong></span> <span class='ocrx_word' id='word_1_298' title='bbox 522 4227 556 4270; x_wconf 86' lang='lat' dir='ltr'><strong>ae</strong></span> <span class='ocrx_word' id='word_1_299' title='bbox 584 4206 734 4272; x_wconf 82' lang='lat' dir='ltr'><strong>‹lecenuiis</strong></span> <span class='ocrx_word' id='word_1_300' title='bbox 763 4206 899 4272; x_wconf 84' lang='lat' dir='ltr'><strong>instituta</strong></span> <span class='ocrx_word' id='word_1_301' title='bbox 923 4203 1063 4272; x_wconf 86' lang='lat' dir='ltr'><strong>-&#39;nam</strong></span> <span class='ocrx_word' id='word_1_302' title='bbox 1090 4207 1167 4272; x_wconf 92' lang='lat' dir='ltr'><strong>inter</strong></span> <span class='ocrx_word' id='word_1_303' title='bbox 1192 4201 1398 4270; x_wconf 79' lang='lat' dir='ltr'><strong>Demosthenis</strong></span> <span class='ocrx_word' id='word_1_304' title='bbox 1425 4203 1591 4267; x_wconf 87' lang='lat' dir='ltr'><strong>orationem</strong></span> 
     </span>
     <span class='ocr_line' id='line_1_35' title="bbox 426 4304 1591 4394; baseline -0.003 -20"><span class='ocrx_word' id='word_1_305' title='bbox 426 4309 598 4392; x_wconf 74' lang='lat' dir='ltr'><strong>leptineam</strong></span> <span class='ocrx_word' id='word_1_306' title='bbox 621 4319 652 4373; x_wconf 86' lang='lat' dir='ltr'><strong>et</strong></span> <span class='ocrx_word' id='word_1_307' title='bbox 674 4309 812 4374; x_wconf 86' lang='lat' dir='ltr'><strong>abolitam</strong></span> <span class='ocrx_word' id='word_1_308' title='bbox 832 4311 1117 4394; x_wconf 75' lang='lat' dir='ltr'><strong>quadringentorum</strong></span> <span class='ocrx_word' id='word_1_309' title='bbox 1135 4317 1311 4392; x_wconf 84' lang='lat' dir='ltr'><strong>potestatem</strong></span> <span class='ocrx_word' id='word_1_310' title='bbox 1331 4304 1401 4370; x_wconf 90' lang='lat' dir='ltr'><strong>anni</strong></span> <span class='ocrx_word' id='word_1_311' title='bbox 1421 4313 1492 4368; x_wconf 87' lang='lat' dir='ltr'><strong>sunt</strong></span> <span class='ocrx_word' id='word_1_312' title='bbox 1511 4305 1591 4370; x_wconf 85' lang='lat' dir='ltr'><strong>hauri</strong></span> 
     </span>
     <span class='ocr_line' id='line_1_36' title="bbox 425 4407 1592 4502; baseline -0.003 -26"><span class='ocrx_word' id='word_1_313' title='bbox 425 4409 553 4492; x_wconf 79' lang='lat' dir='ltr'><strong>amplius</strong></span> <span class='ocrx_word' id='word_1_314' title='bbox 573 4421 687 4493; x_wconf 68' lang='lat' dir='ltr'><strong>sepum</strong></span> <span class='ocrx_word' id='word_1_315' title='bbox 707 4421 737 4474; x_wconf 91' lang='lat' dir='ltr'><strong>et</strong></span> <span class='ocrx_word' id='word_1_316' title='bbox 754 4411 964 4502; x_wconf 78' lang='lat' dir='ltr'><strong>quinquaqinta</strong></span> <span class='ocrx_word' id='word_1_317' title='bbox 983 4447 1026 4461; x_wconf 89' lang='lat'>-</span> <span class='ocrx_word' id='word_1_318' title='bbox 1046 4423 1187 4494; x_wconf 81' lang='lat' dir='ltr'><strong>tanquam</strong></span> <span class='ocrx_word' id='word_1_319' title='bbox 1208 4411 1246 4474; x_wconf 83' lang='lat' dir='ltr'><strong>te</strong></span> <span class='ocrx_word' id='word_1_320' title='bbox 1264 4409 1361 4493; x_wconf 88' lang='lat' dir='ltr'><strong>prisca</strong></span> <span class='ocrx_word' id='word_1_321' title='bbox 1380 4407 1592 4472; x_wconf 85' lang='lat' dir='ltr'><strong>constitutione</strong></span> 
     </span>
     <span class='ocr_line' id='line_1_37' title="bbox 426 4511 1678 4598; baseline -0.003 -23"><span class='ocrx_word' id='word_1_322' title='bbox 426 4522 457 4575; x_wconf 87' lang='lat' dir='ltr'><strong>et</strong></span> <span class='ocrx_word' id='word_1_323' title='bbox 470 4519 595 4594; x_wconf 88' lang='lat' dir='ltr'><strong>propter</strong></span> <span class='ocrx_word' id='word_1_324' title='bbox 608 4520 783 4575; x_wconf 82' lang='lat' dir='ltr'><strong>seruantem</strong></span> <span class='ocrx_word' id='word_1_325' title='bbox 798 4516 1018 4598; x_wconf 83' lang='lat' dir='ltr'><strong>propemodum</strong></span> <span class='ocrx_word' id='word_1_326' title='bbox 1034 4514 1168 4579; x_wconf 85' lang='lat' dir='ltr'><strong>obsoleta</strong></span> <span class='ocrx_word' id='word_1_327' title='bbox 1182 4511 1278 4596; x_wconf 90' lang='lat' dir='ltr'><strong>loqui,</strong></span> <span class='ocrx_word' id='word_1_328' title='bbox 1300 4511 1423 4597; x_wconf 85' lang='lat' dir='ltr'><strong>eiusque</strong></span> <span class='ocrx_word' id='word_1_329' title='bbox 1436 4519 1588 4573; x_wconf 87' lang='lat' dir='ltr'><strong>auctorem</strong></span> <span class='ocrx_word' id='word_1_330' title='bbox 1675 4537 1678 4544; x_wconf 35' lang='lat' dir='ltr'>v</span> 
     </span>
     <span class='ocr_line' id='line_1_38' title="bbox 426 4612 1590 4700; baseline -0.002 -25"><span class='ocrx_word' id='word_1_331' title='bbox 426 4623 556 4678; x_wconf 81' lang='lat' dir='ltr'><strong>retcrun</strong></span> <span class='ocrx_word' id='word_1_332' title='bbox 575 4613 656 4677; x_wconf 80' lang='lat' dir='ltr'><strong>ibunt</strong></span> <span class='ocrx_word' id='word_1_333' title='bbox 676 4614 885 4697; x_wconf 75' lang='lat' dir='ltr'><strong>legislatorem,</strong></span> <span class='ocrx_word' id='word_1_334' title='bbox 909 4618 1045 4685; x_wconf 83' lang='lat' dir='ltr'><strong>ducentis</strong></span> <span class='ocrx_word' id='word_1_335' title='bbox 1064 4615 1192 4700; x_wconf 82' lang='lat' dir='ltr'><strong>amplius</strong></span> <span class='ocrx_word' id='word_1_336' title='bbox 1211 4613 1298 4678; x_wconf 86' lang='lat' dir='ltr'><strong>annis</strong></span> <span class='ocrx_word' id='word_1_337' title='bbox 1317 4612 1461 4695; x_wconf 83' lang='lat' dir='ltr'><strong>priorem,</strong></span> <span class='ocrx_word' id='word_1_338' title='bbox 1481 4612 1590 4692; x_wconf 78' lang='lat' dir='ltr'><strong>lingere</strong></span> 
     </span>
     <span class='ocr_line' id='line_1_39' title="bbox 426 4711 1590 4804; baseline -0.004 -24"><span class='ocrx_word' id='word_1_339' title='bbox 426 4713 585 4800; x_wconf 72' lang='lat' dir='ltr'><strong>petuisui</strong></span> <span class='ocrx_word' id='word_1_340' title='bbox 606 4724 659 4780; x_wconf 87' lang='lat' dir='ltr'><strong>aut</strong></span> <span class='ocrx_word' id='word_1_341' title='bbox 671 4716 738 4800; x_wconf 86' lang='lat' dir='ltr'><strong>quis</strong></span> <span class='ocrx_word' id='word_1_342' title='bbox 752 4717 811 4783; x_wconf 88' lang='lat' dir='ltr'><strong>sibi</strong></span> <span class='ocrx_word' id='word_1_343' title='bbox 824 4721 1025 4804; x_wconf 78' lang='lat' dir='ltr'><strong>persuadebit,</strong></span> <span class='ocrx_word' id='word_1_344' title='bbox 1040 4742 1059 4786; x_wconf 88' lang='lat' dir='ltr'><strong>a</strong></span> <span class='ocrx_word' id='word_1_345' title='bbox 1073 4716 1302 4803; x_wconf 63' lang='lat' dir='ltr'><strong>thorneiensi</strong></span> <span class='ocrx_word' id='word_1_346' title='bbox 1316 4724 1377 4782; x_wconf 74' lang='lat' dir='ltr'><strong>tem</strong></span> <span class='ocrx_word' id='word_1_347' title='bbox 1388 4711 1590 4779; x_wconf 84' lang='lat' dir='ltr'><strong>memorabilis</strong></span> 
     </span>
    </p>
   </div>
   <div class='ocr_carea' id='block_1_3' title="bbox 0 0 1913 5609">
    <p class='ocr_par' dir='ltr' id='par_1_3' title="bbox 0 0 1913 5609">
     <span class='ocr_line' id='line_1_40' title="bbox 0 0 1913 5609; baseline 0 0"><span class='ocrx_word' id='word_1_348' title='bbox 0 0 1913 5609; x_wconf 95' lang='lat' dir='ltr'><strong> </strong></span> 
     </span>
    </p>
   </div>
  </div>
 </body>
</html>
