3792 5609
958 735 1001 800 46

390 927 476 988 enim
491 925 629 1006 Tfnbeni
644 933 763 1006 praeter
777 933 891 986 ceteros
905 931 948 998 et,
968 933 1003 986 ut
1016 921 1117 986 multis
1131 921 1300 998 ridebatur,
1319 923 1455 990 omnium
1471 924 1560 1008 primi

392 1027 598 1099 condiderant,
612 1027 730 1108 ipsique
744 1044 856 1089 nomen
871 1025 940 1089 binc
953 1033 1135 1107 aocepcrant
1169 1025 1206 1088 lit
1219 1026 1354 1090 ridemus
1368 1027 1457 1091 etiam
1472 1027 1560 1109 oppi-

392 1129 442 1190 dis
458 1129 636 1210 quibusdam
653 1129 683 1190 in
700 1127 792 1191 istum
808 1129 931 1192 modum
948 1128 1072 1191 munitis
1091 1127 1213 1190 nomina
1228 1127 1300 1190 nibil
1314 1129 1373 1192 nisi
1388 1130 1447 1192 boc
1461 1130 1560 1210 ipsum
1607 1115 1614 1128 '

393 1230 591 1312 significantia
603 1241 746 1312 tanquam
758 1229 894 1312 proprias
906 1229 1115 1312 appellationes
1126 1229 1236 1293 inditas
1248 1231 1350 1304 luisse,
1361 1231 1562 1314 utlyrrboe

390 1333 423 1394 in
436 1333 544 1414 Lydia,
554 1353 608 1416 qua
619 1332 651 1396 in
663 1343 741 1396 terra
753 1333 824 1395 obm
835 1331 1004 1412 Tyrrhenos
1016 1331 1166 1395 habitasse
1176 1331 1308 1414 plerique
1322 1342 1467 1397 testantur
1479 1339 1487 1378 ¹
1498 1339 1561 1410 ⁰¹).

392 1435 538 1498 Ceterum
551 1437 645 1518 prima
661 1435 772 1518 syllaba
789 1435 937 1498 vocalibus
953 1435 1032 1498 raric
1046 1444 1159 1498 mutata
1174 1443 1229 1506 est,
1244 1443 1278 1497 ut
1292 1453 1380 1516 prop
1396 1437 1484 1500 ctiam
1496 1455 1518 1496 o
1533 1445 1563 1499 et

393 1559 413 1600 ι
434 1548 646 1620 compareant·
681 1537 860 1602 Torrhebi
879 1547 957 1602 certe
979 1537 1010 1601 in
1029 1539 1132 1601 eadem
1151 1536 1242 1618 Lydia
1261 1537 1307 1599 rix
1327 1557 1344 1600 a
1364 1538 1563 1618 Tyrrhenis

393 1641 512 1704 diversi
527 1641 800 1718 ridebuntur¹⁰¹)‚
820 1641 1034 1723 'lorrbaque
1055 1660 1073 1704 a
1095 1639 1234 1722 Tyrrba
1255 1657 1317 1702 non
1331 1641 1449 1720 longius
1464 1639 1563 1716 distat,

392 1763 491 1825 quam
508 1755 636 1808 aturre
653 1743 699 1818 id,
719 1743 800 1824 quod
820 1743 907 1806 bodio
928 1744 966 1806 ab
982 1743 1059 1806 italis
1074 1742 1193 1817 dicitur,
1214 1751 1320 1805 torre.
1363 1742 1460 1806 Etiam
1475 1742 1564 1805 'l'ar-

396 1846 461 1908 rba
482 1848 555 1910 urbs
574 1847 604 1910 in
620 1845 712 1928 Lydia
731 1845 801 1920 luit,
820 1847 949 1928 itemquo
964 1845 1082 1918 Cretae,
1102 1843 1223 1924 procliri
1243 1843 1387 1907 vocalium
1410 1853 1564 1926 permuta·

395 1946 482 2010 tione
495 1955 505 1993 ¹
519 1953 582 2028 ¹⁰):
604 1967 704 2030 neque
720 1949 870 2010 Tarsum
885 1947 1001 2011 Ciliciae
1016 1957 1047 2010 et
1059 1945 1232 2028 Bithyniac¹
1247 1951 1254 1988 ¹
1269 1949 1297 2020 Ι)
1313 1946 1449 2011 diversae
1463 1947 1565 2030 stirpis

398 2069 472 2113 esse
494 2054 597 2124 credo,
619 2069 683 2114 non
703 2051 787 2133 quasi
807 2051 861 2113 lras
880 2068 988 2113 omnes
1007 2049 1098 2114 urbes
1117 2049 1154 2113 ab
1173 2049 1281 2112 eodem
1302 2049 1413 2132 populo
1429 2049 1565 2113 conditas

399 2153 508 2226 celim,
523 2157 575 2218 scd
591 2155 661 2237 quia
676 2153 806 2216 rarlicem
822 2153 938 2216 illorum
954 2153 1111 2216 nominum
1127 2171 1319 2215 communem
1332 2151 1468 2234 plurimis
1483 2152 1565 2215 eius

401 2255 475 2319 dem
496 2257 624 2321 nationis
643 2257 762 2340 populis
783 2256 876 2320 luisse
896 2255 1038 2332 arbitror,
1062 2255 1114 2338 qui
1133 2256 1224 2319 urbes
1245 2275 1316 2319 suas
1331 2255 1461 2320 munitas
1476 2254 1564 2338 'lyr-

402 2359 507 2436 rbas,
529 2360 704 2436 'locabam
726 2359 897 2434 barches,
920 2359 1058 2423 Tarsos
1077 2359 1161 2422 abre
1176 2359 1394 2442 appellaverint.
1439 2358 1566 2423 lnlralia

404 2473 520 2538 autem,
538 2473 573 2527 ut
588 2463 702 2527 turris
717 2481 772 2545 pro
787 2455 913 2548 τέρρις,
932 2463 972 2525 ita
992 2481 1048 2544 pro
1067 2461 1266 2544 Tyrrhenis
1286 2462 1433 2526 Turrini
1452 2481 1477 2524 s.
1493 2462 1565 2526 'l'u-

351 2575 386 2628 ta
403 2565 477 2630 cini
496 2575 502 2612 ¹
517 2573 566 2644 12)
582 2577 612 2630 ct
628 2566 748 2631 breuius
763 2565 875 2629 Turni
891 2565 1073 2629 dicebantur.
1114 2565 1174 2628 Sed
1189 2567 1245 2629 luit
1258 2565 1347 2630 etiam
1362 2566 1417 2630 alia
1431 2567 1566 2630 eiusdem

406 2671 537 2736 nominis
556 2670 712 2734 declinatio
733 2669 907 2734 'l'ucaicus
927 2689 953 2734 s.
972 2669 1151 2746 bursone,
1176 2690 1235 2752 qua
1254 2669 1384 2734 Umbros
1404 2689 1479 2734 usos
1498 2689 1568 2733 esse

406 2775 521 2840 tabulae
535 2773 709 2856 Errprbinae
724 2775 951 2838 denrooatrant¹
965 2779 973 2820 ¹
985 2777 1025 2852 ¹).
1062 2773 1138 2838 llinc
1151 2773 1341 2858 transpositis
1355 2773 1462 2838 litteris
1476 2772 1569 2838 Tru·

408 2899 491 2945 scus
510 2891 541 2945 et
560 2877 660 2944 addita
675 2879 704 2942 in
720 2879 804 2944 initio
819 2879 911 2943 vocali
929 2879 1122 2955 Etruscus,
1143 2879 1214 2942 elisa
1232 2889 1332 2943 autom
1348 2899 1365 2942 r
1381 2879 1477 2943 littera
1497 2878 1569 2944 Tu·

410 3003 493 3048 scus
507 2981 628 3067 prodiit.
643 3001 718 3064 quas
733 2984 846 3048 formas
857 2982 953 3046 Latini
967 2981 1096 3046 maxime
1110 2992 1302 3065 usurparunt.
1331 2983 1465 3066 lienique
1481 2982 1570 3046 etism

410 3085 539 3170 Tyrrhi
554 3102 666 3149 nomen
681 3085 979 3150 commemorandum
994 3093 1055 3160 est,
1075 3095 1199 3168 propter
1212 3086 1355 3162 labulam,
1374 3087 1412 3149 dc
1427 3104 1486 3168 qua
1500 3104 1571 3148 moa

410 3189 543 3255 dicturus
566 3207 648 3253 sum:
673 3206 744 3252 nam
770 3189 829 3252 boc
853 3207 973 3271 quoque
999 3187 1222 3269 a'lprrbeno
1245 3205 1308 3251 non
1328 3189 1481 3253 diversum
1501 3208 1570 3252 ease

409 3312 516 3358 omnes
536 3293 620 3358 lacile
639 3293 813 3356 concedent.
857 3291 956 3355 Altera
970 3301 1071 3354 autem
1086 3291 1221 3354 ciusdem
1237 3291 1345 3354 radicis
1361 3292 1470 3368 lomna,
1495 3310 1571 3375 quae

409 3417 429 3458 ι
442 3397 574 3461 vocalem
589 3395 687 3472 babet,
701 3393 832 3476 primum
847 3393 877 3457 in
891 3395 1012 3458 urbium
1026 3395 1212 3476 quanmdam
1225 3393 1398 3459 nominibus
1409 3404 1572 3478 comperet,

412 3533 712 3550 *nnn-“—

478 3627 537 3692 toa)
551 3627 687 3690 bicellsro,
709 3623 764 3678 Etr.
779 3626 791 3679 l
805 3643 830 3695 p.
842 3625 888 3692 8⁰,
908 3627 993 3693 sends
1008 3643 1098 3680 nonen
1113 3628 1145 3682 ab
1160 3629 1207 3682 lass
1223 3627 1277 3698 ipsc
1289 3627 1352 3680 arbe
1364 3627 1490 3681 decimati
1502 3635 1572 3682 recte
1586 3639 1593 3656 ·
1614 3683 1617 3688 ,

410 3711 516 3784 Lepcim
526 3713 545 3766 l.
557 3713 575 3766 1.
592 3713 683 3780 aliique
699 3711 828 3780 sbloqsutl
845 3718 912 3765 sunt.
948 3711 1042 3765 Verius
1055 3715 1124 3779 prati
1135 3722 1162 3767 et
1174 3714 1230 3766 arbi
1242 3715 1341 3767 nonina
1352 3713 1463 3766 eiusdem
1475 3713 1572 3781 signid-

412 3801 516 3854 cationis
529 3799 562 3853 ab
578 3815 607 3852 rs
620 3799 697 3853 indita
708 3798 788 3853 lnisss
800 3799 921 3852 dicemus.
931 3825 969 3840 ·-
980 3798 1017 3852 lle
1029 3797 1130 3869 Tycrlra
1141 3800 1204 3854 urbs
1215 3799 1248 3854 cl.
1259 3798 1443 3854 Schneidewin.
1460 3797 1573 3855 Coniect.

412 3887 468 3941 crit.
481 3903 505 3955 p.
521 3884 577 3939 tut.

482 3973 540 4037 rou)
559 3970 744 4025 (11.1Ιυο11ε11.
757 3972 775 4026 l.
794 3971 820 4025 ln
832 3973 887 4026 lea.
898 3973 1005 4039 Scssuer.
1018 3973 1095 4027 nott.
1108 3990 1131 4044 p.
1144 3973 1232 4041 452³
1246 3968 1391 4047 Tripppvoe
1398 3968 1500 4033 Λυδὸς
1509 3974 1572 4027 diei·

413 4065 463 4128 car,
473 4059 516 4128 qui
528 4057 662 4112 Plutarcho
673 4059 705 4110 ds
717 4075 779 4112 mus.
792 4077 815 4114 c.
830 4060 861 4112 lb
875 4054 1018 4130 r'o'ppppor
1028 4068 1077 4113 est.

485 4144 542 4210 110)
560 4143 598 4197 (ll.
610 4144 696 4213 Stspb.
710 4143 771 4214 llys.
784 4163 806 4200 s.
817 4162 843 4199 v.
854 4162 879 4216 p.
892 4145 942 4198 2611
955 4143 1039 4199 West.

484 4230 542 4296 lll)
560 4229 646 4298 Stepb.
659 4231 719 4299 lipa.
732 4231 780 4284 l.l.

485 4317 543 4383 112)
561 4315 607 4370 llla
619 4316 712 4380 verior,
723 4319 783 4370 bace
794 4318 922 4388 nndqnior
932 4319 1058 4388 scriptura
1070 4325 1120 4385 est,
1131 4317 1253 4388 siquiden
1264 4318 1369 4388 antiqui,
1381 4327 1410 4372 ut
1420 4319 1457 4373 alt
1468 4316 1538 4372 Part.
1552 4338 1575 4374 s.

415 4416 441 4456 r.
453 4411 568 4468 torem,
585 4417 631 4455 nse
642 4411 782 4456 nominee
794 4405 959 4460 mmivscsles
969 4406 1071 4460 litteras
1082 4405 1250 4471 geminabant.
1286 4403 1325 4459 cl.
1342 4404 1484 4478 Quintili,
1501 4405 1529 4471 l,
1543 4406 1574 4459 ll

416 4489 497 4544 stall.
509 4504 549 4558 ap.
562 4489 590 4542 l'.
603 4489 748 4556 Schneider,
760 4489 869 4544 Gramm.
881 4492 926 4546 lat.
941 4494 964 4558 1,
977 4493 993 4546 1
1005 4508 1029 4562 p.
1042 4491 1093 4546 tus
1105 4506 1159 4561 sqq.

485 4573 544 4642 tta>
562 4573 682 4642 Tablb,
702 4573 746 4629 ll:
765 4573 917 4631 Taulara
935 4595 1060 4634 numen.
1078 4577 1153 4642 Vlla,
1173 4578 1215 4631 lla
1233 4575 1356 4632 'l'arsbe
1373 4595 1490 4633 nomae.
1524 4579 1574 4632 Sed

416 4661 547 4716 lasisrlen
559 4660 651 4716 tabulis
662 4662 738 4716 etiarn
750 4659 850 4716 'l'aran
864 4661 920 4732 (lv,
933 4665 974 4719 ll.
985 4663 1065 4734 Vlla,
1074 4665 1117 4719 ll.
1128 4663 1180 4732 st)
1191 4671 1220 4719 st
1229 4661 1366 4733 Taslsr,
1384 4662 1516 4719 Tcslora
1528 4677 1577 4718 ss·

417 4745 539 4818 uivus,
553 4747 593 4802 ta
605 4745 669 4817 Vll,
681 4747 714 4802 18
725 4755 753 4803 et
762 4747 832 4802 alibi.
