3792 5609
886 791 1086 808 ,κιο-...ᾡ-

389 895 452 959 lam
474 903 622 958 mutatam
642 911 713 955 esse
732 911 823 957 nemo
842 895 1006 961 munbitur.
1050 897 1132 960 liaeo
1145 895 1267 980 wiern
1283 897 1378 962 torma
1392 896 1435 961 eis
1450 898 1569 981 plaotit,

390 999 444 1080 qui
472 1015 509 1060 ex
529 995 650 1059 Romuli
677 1005 765 1078 gente
783 997 813 1060 lu
829 1017 855 1060 e.
876 1019 912 1062 ex
927 999 1094 1064 Ramnibus
1113 1009 1213 1064 erant:
1235 999 1363 1064 Lueeres
1384 1010 1487 1064 eontra
1500 1001 1567 1064 illu·

390 1100 539 1164 stu-issimi
561 1097 692 1178 coniugii
712 1098 857 1164 honorem
874 1121 931 1164 suo
947 1103 1049 1186 potius
1065 1103 1133 1168 eluci
1147 1111 1318 1167 asserentes
1332 1103 1490 1168 Hersiliam
1504 1102 1566 1166 ilo·

389 1203 475 1268 stilio
492 1203 681 1286 copularunt.

483 1307 539 1370 ilis
560 1307 649 1388 igitur
669 1308 841 1390 perentibus
862 1309 939 1374 iilius
960 1320 1135 1394 procreatus
1154 1331 1223 1375 nse
1241 1311 1349 1377 dio-itur
1364 1313 1439 1395 patri
1454 1329 1567 1394 regno·

390 1411 502 1488 minis,
528 1413 568 1476 elie
588 1431 649 1494 quio
669 1412 740 1478 uilril
760 1415 950 1480 prensuraliile.
966 1415 1133 1500 prroiitum,
1160 1415 1216 1480 uisi
1232 1416 1309 1481 tenua
1324 1435 1414 1481 aurea
1430 1435 1466 1479 ae
1479 1433 1567 1498 prae·

391 1526 495 1581 textae
511 1515 679 1600 insignibus
695 1518 774 1582 lrune
788 1519 918 1602 priunum
934 1521 972 1584 alr
986 1519 1115 1585 llomulo
1131 1521 1311 1586 horreretum
1326 1521 1467 1596 ussewi.
1509 1520 1566 1582 0r·

390 1631 539 1686 namenta
560 1620 607 1685 illa
627 1621 750 1705 puerilia
766 1624 918 1688 ilrsmanos
933 1627 971 1690 alr
985 1623 1119 1688 Etruscis
1134 1624 1275 1688 ascivisse
1290 1624 1363 1688 satis
1377 1629 1515 1688 constes*
1527 1627 1566 1694 ⁸).

390 1726 598 1808 spramobrem
613 1725 663 1808 qui
676 1726 800 1790 Etnrsro
816 1740 908 1810 patre,
924 1738 955 1793 et
968 1729 1084 1811 priums
1099 1729 1235 1793 omnium
1246 1729 1360 1794 Romae
1375 1737 1464 1792 natus
1478 1735 1567 1798 esset.

391 1865 437 1878 -
453 1849 528 1894 nam
543 1831 603 1894 hoe
618 1849 737 1912 ipsoque
753 1832 886 1904 traditur,
902 1867 942 1880 -
960 1833 990 1896 in
1005 1853 1042 1894 eu
1054 1831 1148 1894 rueris
1164 1833 1280 1897 initium
1296 1834 1406 1896 lenum
1422 1847 1567 1894 essenon

393 1935 530 2000 absurde
543 1935 699 1998 linxerunt.
714 1970 757 1981 —
772 1935 865 2000 liuius
882 1955 972 2019 porro
988 1936 1080 2000 iulium
1090 1937 1208 2000 Tullum
1224 1935 1315 2000 luisse
1326 1935 1437 2007 slieunt,
1452 1935 1566 1998 Numae

394 2039 428 2103 in
448 2057 546 2120 regno
566 2057 784 2102 successorem.
827 2039 945 2103 Veteres
971 2049 1072 2102 tamen
1097 2049 1128 2103 et
1151 2041 1296 2122 genuinae
1316 2039 1430 2103 salsulae
1450 2038 1488 2101 sie
1506 2055 1566 2099 uno

393 2152 515 2206 tantum
538 2140 663 2203 llostilio
680 2141 772 2204 luisse
792 2142 930 2207 ridentur
945 2143 1063 2207 llomuli
1084 2145 1182 2216 sorio,
1208 2144 1374 2225 eodemque
1394 2161 1463 2204 nior
1482 2157 1567 2221 rege:

395 2247 589 2310 humentem
605 2243 724 2325 generis
739 2245 775 2306 alr
790 2263 845 2308 avo
861 2247 897 2309 aul
913 2256 1055 2328 nepotem
1071 2245 1210 2309 ‹teduetio
1224 2245 1423 2328 posteriorum
1439 2241 1567 2308 acumini

397 2351 537 2422 debetur,
553 2346 614 2430 qui,
630 2366 722 2428 quum
738 2367 774 2411 ox
790 2347 895 2411 tabulis
908 2347 1063 2412 historiam
1076 2350 1212 2422 lammnt,
1226 2367 1289 2412 non
1301 2347 1384 2412 iacile
1396 2348 1526 2410 euntem
1538 2355 1569 2408 et

397 2451 520 2516 Romuli
536 2451 690 2532 aequalem
705 2460 736 2513 et
749 2451 863 2515 Numae
878 2471 1085 2516 suceessorum
1099 2451 1201 2515 haberi
1216 2471 1308 2532 prosse
1324 2450 1467 2514 viderunt.
1506 2451 1567 2514 Sed

398 2563 567 2638 supersunt
586 2563 687 2616 tamen
706 2553 818 2636 aliquot
832 2555 1003 2618 vetustioris
1019 2555 1132 2618 salariae
1149 2554 1280 2635 vestigia.
1323 2553 1457 2616 Primum
1471 2553 1567 2616 iture·

398 2659 458 2723 lius
472 2657 589 2731 Victor,
610 2667 661 2721 aut
675 2657 810 2740 quisquis
826 2665 887 2730 est,
908 2657 959 2740 qui
977 2658 1107 2722 libellum
1126 2659 1165 2722 sie
1180 2657 1250 2720 viris
1264 2657 1428 2722 illustribus
1443 2674 1568 2737 rompo-

401 2763 476 2838 suit,
502 2761 622 2824 Tullum
637 2760 795 2824 iiostilituu
815 2781 917 2842 regem
937 2770 1097 2845 propterea
1117 2771 1248 2825 creatum
1269 2780 1338 2824 esse
1359 2758 1473 2831 serilrit,
1500 2757 1568 2840 quia

401 2867 513 2930 bonam
540 2884 662 2947 opernm
691 2865 833 2928 eolrersus
854 2865 983 2929 Selinos
1008 2874 1156 2928 navasset.
1200 2864 1274 2928 Nam
1300 2863 1374 2926 lsaee
1391 2861 1491 2925 navari
1510 2860 1569 2925 nisi

402 2968 532 3034 llomulu
552 2976 694 3050 regnante
711 2985 771 3033 non
788 2969 897 3051 proluit,
918 2969 1067 3053 siqrrisleru
1082 2978 1152 3052 pon
1167 2968 1245 3031 lruur
1260 2967 1356 3030 Numa
1371 2985 1426 3049 per
1439 2965 1568 3048 questra-

401 3073 482 3156 ginta
497 3071 615 3136 eirriter
629 3091 726 3136 srrrros
741 3072 770 3136 iu
783 3093 901 3137 sunium
917 3094 989 3156 pineo
1003 3093 1129 3155 remulus
1144 3070 1277 3135 tenuisse
1292 3070 1478 3134 eresloliatur.
1512 3068 1569 3130 Se-

403 3198 473 3241 uem
488 3186 588 3241 auteur
599 3175 754 3240 llustiliuru
771 3176 897 3258 inrpreriu
913 3177 1067 3240 admotum
1082 3177 1181 3240 elicere
1196 3194 1257 3240 non
1272 3174 1377 3238 liu-liat
1391 3192 1483 3255 quum
1496 3190 1567 3253 prro·

402 3291 469 3362 pter
484 3281 579 3362 ipsius
595 3280 678 3360 regni
692 3281 922 3360 longitudinem,
944 3315 987 3327 —
1007 3299 1076 3344 nam
1096 3279 1203 3342 xxxu
1221 3296 1318 3341 annos
1337 3294 1478 3357 regnasse
1494 3274 1567 3336 uici-
1588 3334 1591 3339 ,

402 3393 464 3454 tur,
491 3417 533 3430 -
562 3392 624 3444 tum
651 3394 775 3464 prespiter
796 3384 905 3447 nrultss
925 3403 976 3446 res
996 3392 1118 3446 strenue
1138 3392 1168 3443 et
1188 3380 1304 3445 iurenili
1324 3379 1433 3443 ferocia
1453 3386 1568 3458 gestas:

402 3505 496 3568 eaque
517 3504 606 3549 eausa
628 3483 683 3546 luit
699 3493 731 3547 ul
746 3485 967 3550 adolescentem
984 3487 1085 3568 pontius
1100 3487 1245 3567 iungerent
1259 3483 1367 3546 vetoris
1381 3481 1458 3544 illius
1472 3498 1568 3560 nepo·

404 3599 463 3652 tem
484 3599 515 3652 et
534 3588 592 3652 alio
611 3587 822 3670 praenomine,
843 3589 880 3652 sle
900 3608 961 3672 quo
981 3589 1052 3673 quid
1066 3589 1140 3653 milri
1155 3589 1301 3662 violentur,
1322 3585 1352 3648 in
1367 3594 1499 3648 extrema
1513 3582 1570 3644 lran

404 3691 614 3755 dissertatione
638 3691 829 3774 expusiturus
850 3711 927 3756 sum
972 3693 1126 3756 Vetustam
1150 3693 1265 3755 lunulae,
1288 3691 1415 3753 lormsnr
1441 3683 1570 3764 scriptor

405 3794 450 3859 ille
466 3796 504 3857 sle
519 3793 590 3856 siris
605 3795 768 3858 illustribus
783 3813 855 3858 essu
871 3797 1002 3877 «puniam
1018 3807 1049 3860 et
1062 3795 1174 3860 incuria
1194 3793 1325 3878 repetiit:
1345 3809 1416 3856 narn
1431 3787 1457 3850 si
1471 3795 1568 3850 atten-

405 3899 510 3968 disset,
526 3897 653 3962 dubitari
669 3916 730 3963 non
745 3908 844 3982 potest
858 3899 930 3981 quin
946 3899 1186 3965 commenticiam
1201 3897 1356 3962 historiam
1372 3893 1481 3974 etipse
1496 3907 1568 3973 pro·

406 4001 529 4064 baturus
545 4002 643 4072 luerit,
658 4001 883 4084 scripturusque
898 4001 927 4066 iu
944 4006 1026 4085 quod
1041 4003 1224 4069 recentiores
1239 4001 1359 4084 quidam
1375 3993 1466 4060 eutici
1481 4011 1569 4074 repo·

406 4105 539 4166 nendum
555 4113 727 4167 suaserunt:
750 4102 900 4178 „Tullus
915 4105 1109 4180 Hostilius,
1130 4103 1213 4188 quia
1235 4119 1324 4165 nour
1343 4101 1420 4161 eires
1440 4094 1569 4158 bonam

358 4216 385 4270 11
408 4224 554 4287 operam
577 4205 767 4268 adversum
790 4207 947 4270 Sabinos
968 4215 1174 4281 nataverat,
1197 4223 1260 4267 rex
1280 4203 1461 4265 oreatus.“
1490 4194 1571 4257 Alter

406 4315 537 4370 vetustae
553 4306 668 4370 tabulae
682 4306 767 4370 testis
781 4307 922 4372 Asianus
936 4319 993 4384 est,
1012 4309 1078 4372 Ver.
1093 4309 1162 4372 hist
1177 4296 1251 4378 xlv,
1266 4303 1318 4374 36,
1334 4300 1453 4363 Tullum
1467 4292 1570 4359 3⁰⁸⁰·

412 4459 477 4470 ..ι-ι

476 4557 519 4623 tn)
538 4557 649 4611 ummo.
663 4556 884 4629 sistentes.

477 4642 520 4708 tl)
538 4643 707 4696 serenes-
723 4659 831 4697 aurun
848 4643 917 4701 bella
928 4647 962 4701 ab
973 4649 1091 4702 lovennis
1102 4647 1194 4702 usaue
1205 4652 1254 4697 eat.
1266 4641 1299 4708 V,
1313 4639 1371 4705 itt,
1382 4637 1424 4692 nil
1435 4635 1501 4690 esai.
1513 4634 1570 4688 iett-

408 4728 473 4783 Mi.
486 4726 600 4782 nmine.
613 4729 669 4785 iitr-
685 4729 696 4781 l
711 4745 735 4800 p.
748 4727 808 4782 374.
