3792 5609
945 855 987 918 to

865 941 946 952 -—-
1011 943 1066 953 ...ι

385 1050 444 1110 troc
462 1044 607 1126 imprimis
628 1051 816 1123 argumento:
836 1059 926 1123 quum
947 1042 1050 1106 cicero
1064 1043 1102 1107 de
1115 1061 1147 1106 re
1161 1041 1241 1126 pubi.
1256 1043 1293 1119 ΙΙ,
1307 1044 1356 1108 13.
1372 1043 1421 1108 17.
1436 1041 1485 1108 18.
1497 1042 1550 1108 20.

385 1149 424 1210 21
443 1167 525 1226 rcgcs
541 1165 557 1208 a
573 1145 686 1226 popuio
702 1143 830 1207 comitiis
844 1143 964 1208 curiatis
979 1157 1104 1219 creatos.
1119 1146 1187 1208 dein
1203 1147 1287 1228 ipsos
1302 1145 1339 1208 tic
1352 1144 1478 1228 imperio
1492 1165 1550 1211 suo

383 1253 477 1330 iegcm
497 1248 638 1311 curiatam
658 1245 759 1310 tulisse
773 1247 882 1320 tradat,
899 1247 999 1311 Livius
1013 1259 1111 1312 autern
1126 1249 1148 1320 i,
1168 1248 1551 1330 tauretunensis

383 1352 419 1424 n,
436 1351 478 1415 60
496 1351 604 1414 creatis
623 1369 639 1412 a
659 1351 771 1432 populo
791 1350 911 1430 regibus
931 1362 1034 1433 patres
1054 1361 1190 1416 auctores
1211 1352 1305 1415 tactos
1323 1369 1390 1414 esse
1408 1351 1550 1426 scribant.

383 1453 576 1518 manifestum
590 1473 658 1516 esse
672 1453 749 1518 hane
763 1462 880 1536 patrum
896 1454 1100 1518 anctoritatem
1110 1473 1173 1518 non
1184 1455 1270 1519 mam
1281 1473 1348 1518 esse
1359 1463 1447 1538 atque
1457 1456 1552 1538 legem

383 1561 473 1622 istam
489 1557 647 1628 curiatam,
664 1555 788 1638 ideoque
803 1555 955 1620 cunnum
970 1557 1088 1621 comitia
1103 1575 1164 1622 non
1180 1557 1237 1620 nisi
1252 1557 1446 1640 patriciorum
1460 1558 1553 1622 titisse

384 1661 518 1727 concilia.
552 1662 590 1724 stt
603 1677 671 1722 tero
687 1668 804 1742 patrum
817 1660 1020 1724 auctoritatem
1032 1660 1104 1724 Livii
1115 1659 1234 1743 quidem
1250 1661 1394 1725 mntentia
1405 1660 1552 1725 diversam

383 1785 455 1828 csse
472 1785 489 1827 a
508 1764 570 1846 lege
589 1763 700 1827 curiata
719 1763 804 1844 piane
825 1763 1013 1827 manifestum
1032 1775 1080 1827 est
1098 1775 1259 1846 propterea
1278 1763 1359 1846 quod
1373 1764 1487 1846 populo
1503 1764 1553 1846 qui

384 1888 473 1950 reges
493 1865 635 1930 creaverit
653 1867 683 1929 ir.
698 1887 723 1930 e.
740 1865 829 1930 curiis
844 1871 925 1944 (nam
942 1867 1021 1931 nnita
1035 1867 1094 1932 hoo
1108 1876 1243 1948 tempore
1256 1867 1315 1931 nisi
1329 1867 1442 1932 curiata
1457 1866 1552 1932 comt·

385 1972 428 2036 tia
443 1971 535 2036 inisse
548 1969 647 2033 Litius
662 1988 723 2033 non
739 1969 906 2050 ignorabat)
921 1979 1028 2052 patres,
1043 1970 1094 2052 qni
1108 1980 1244 2034 auctores
1256 1969 1323 2032 iacti
1334 1970 1403 2044 sint,
1419 1970 1553 2034 disertis·

387 2075 466 2138 sime
484 2073 624 2156 opponit,
649 2073 688 2136 ita
713 2082 746 2136 ut
764 2083 885 2137 senatus
904 2073 1107 2138 auctoritatem
1126 2073 1164 2137 ab
1180 2093 1217 2138 eo
1235 2072 1383 2155 ricsignari
1403 2082 1553 2155 appareat.

387 2178 460 2260 Cap.
477 2177 524 2248 17.
537 2180 566 2252 t.
579 2177 613 2238 5:
633 2173 679 2238 irs
694 2194 756 2238 rem
771 2179 848 2240 irater
860 2195 890 2240 ae
905 2189 1040 2242 reatum
1052 2187 1175 2259 potres
1188 2179 1356 2240 consocient
1368 2210 1412 2224 -
1424 2179 1553 2260 fremere

389 2283 493 2345 reisue
507 2279 610 2364 piria
625 2313 665 2326 -
680 2298 769 2362 prum
783 2283 935 2344 normanni
948 2300 985 2344 eo
998 2284 1114 2344 moveri
1122 2290 1247 2364 potres
1261 2314 1303 2328 -
1318 2281 1509 2344 decreuerunt
1522 2291 1556 2344 at

388 2403 481 2468 paam
497 2381 653 2466 popalus
671 2399 768 2464 repom
782 2384 921 2456 iussisset,
942 2385 973 2447 iri
987 2387 1028 2446 cic
1044 2397 1144 2447 rotam
1157 2394 1228 2447 atet
1240 2386 1268 2445 ai
1282 2393 1407 2465 petrea
1421 2394 1555 2448 acueres

387 2488 502 2569 fierent.
539 2484 609 2566 Cap.
622 2485 673 2559 32,
690 2489 718 2560 t.
735 2487 765 2547 l:
781 2503 828 2548 rea
843 2487 882 2549 ori
894 2497 1017 2570 patrea
1031 2488 1160 2550 redieret
1173 2485 1258 2568 iipae
1270 2487 1443 2568 interrepere
1456 2489 1554 2549 coms·-

389 2599 550 2661 auocront‚
565 2605 622 2670 pao
637 2591 751 2652 comitio
766 2587 886 2652 iubente
901 2589 1012 2652 Ancum
1027 2588 1175 2652 Marcium
1190 2606 1285 2671 repom
1298 2586 1455 2670 populor
1469 2606 1554 2653 creo·

389 2696 446 2756 oit:
457 2703 581 2776 petrea
594 2693 679 2774 sacre
694 2702 836 2755 rumores.
877 2693 914 2755 Et
929 2710 989 2774 (pro
1004 2693 1105 2756 miuus
1119 2691 1248 2756 dubitari
1264 2690 1361 2774 possit
1375 2691 1440 2773 ipse
1454 2691 1554 2755 Livius

390 2796 465 2860 cavit
479 2815 543 2876 cap.
558 2795 606 2871 17,
621 2799 649 2870 t.
661 2795 696 2858 ii:
711 2795 848 2878 ioniaque
862 2798 894 2858 io
908 2795 1019 2878 lapitas
1029 2795 1300 2878 mopistrctiiutparc
1311 2794 1452 2876 reposita
1461 2813 1553 2858 arar-
1585 2875 1588 2882 Ι

389 2911 480 2982 poter
498 2899 575 2961 idem
594 2901 640 2960 iaec
659 2900 692 2959 ci
709 2899 843 2980 adempto
858 2944 866 2960 .
880 2901 1055 2981 priusquam
1070 2897 1199 2981 populea
1212 2899 1390 2982 mffropiem
1409 2899 1502 2970 ineat,
1522 2899 1555 2960 itt

392 3006 534 3065 incertum
550 3004 732 3065 comicorum
747 3011 881 3064 eventum
892 3012 994 3084 potres
1008 3013 1141 3067 canores
1154 3001 1238 3084 fiant.
1273 2999 1338 3062 itos
1352 2997 1432 3062 onim
1445 3010 1556 3083 patres,

392 3123 518 3186 quorum
540 3102 699 3168 auctoritas
718 3105 806 3166 etiarn
822 3103 893 3167 Lirii
913 3115 1005 3168 aetate
1024 3105 1097 3168 elicis
1118 3105 1221 3168 saitem
1240 3121 1327 3168 causa
1342 3103 1556 3186 requirebatur,

389 3227 451 3272 non
466 3208 542 3272 aiios
556 3208 690 3290 proiecto
704 3226 793 3289 quam
809 3219 963 3272 senatores
978 3229 1044 3272 esse
1058 3219 1188 3291 apparet
1209 3241 1252 3255 -
1271 3209 1318 3281 At,
1334 3206 1442 3288 inquit,
1459 3207 1558 3271 tetettit

392 3311 503 3376 Livium
525 3311 600 3374 ratio
620 3321 649 3374 ct
669 3319 782 3374 t'eteres
802 3314 899 3376 tonus
919 3331 981 3376 non
1002 3322 1079 3376 recte
1095 3311 1241 3375 intellexit.
1278 3310 1329 3385 iii,
1349 3329 1442 3393 quum
1457 3319 1556 3393 patres

319 3463 322 3470 .
391 3414 528 3478 dixerunt
552 3424 687 3478 auctores
713 3415 822 3488 iactos,
848 3433 910 3479 non
931 3415 1004 3480 aiios
1025 3416 1162 3479 dixerunt
1180 3415 1238 3478 nisi
1258 3413 1399 3498 patricios
1420 3412 1556 3478 crniatim

390 3526 599 3600 congregatos,
619 3517 706 3599 idque
721 3517 819 3583 Livius
835 3520 871 3583 rie
886 3519 1076 3584 senatoribus
1090 3519 1201 3601 accepit
1215 3539 1251 3582 co
1268 3518 1394 3590 factius,
1416 3517 1557 3601 quoniam

391 3627 497 3688 mimm
519 3641 591 3686 sane
610 3621 701 3685 videri
717 3621 856 3700 rioiooimt,
877 3623 999 3686 eosdem
1015 3622 1066 3706 <pri
1081 3622 1172 3686 modo
1188 3631 1338 3686 creassent
1352 3641 1465 3704 rogem,
1486 3640 1557 3684 merx

390 3727 435 3788 arri
451 3726 535 3808 ipsos
550 3723 678 3807 siriimgii
692 3735 829 3789 airctores
846 3725 916 3790 tieri.
950 3725 1043 3790 Notis
1059 3735 1156 3789 tanuen
1168 3743 1322 3808 nunquam
1332 3725 1558 3808 persuadebitur

392 3829 505 3892 Liritun
520 3829 577 3894 hoo
592 3829 683 3894 ruoilo
698 3849 798 3894 errare
813 3831 959 3914 potuissc.
974 3829 1031 3893 nisi
1047 3829 1284 3893 rtenaonstratum
1297 3838 1381 3894 antea
1392 3829 1490 3902 tuerit,
1506 3829 1557 3912 qui

392 3932 453 3998 tieri
470 3932 607 4015 potuerit,
624 3943 656 3998 ut
672 3934 703 3997 in
719 3933 784 3998 istis
796 3934 859 3998 suis
876 3933 1010 3998 tontibus
1020 3944 1140 4016 patrum
1152 3942 1222 3997 tuuc
1237 3934 1357 3998 demum
1372 3931 1557 3997 attentionem

393 4038 498 4101 iactam
515 4036 664 4110 inveniret,
681 4037 731 4102 uiri
747 4039 784 4102 rio
799 4039 983 4114 auctoritate,
998 4056 1161 4120 nunquam,
1177 4037 1228 4102 ubi
1240 4039 1278 4102 ‹ts
1293 4037 1440 4102 creatione
1451 4054 1557 4119 regunt

391 4141 598 4222 metiebantur:
618 4161 686 4206 nam
708 4143 733 4205 si
753 4143 845 4206 seriei
861 4152 979 4208 creatos
994 4153 1112 4227 patrum
1126 4141 1277 4225 suffragiis
1292 4161 1376 4223 reges
1388 4140 1557 4216 invenisset,

393 4261 454 4306 non
470 4243 567 4322 potuit
581 4261 641 4307 non
657 4246 814 4327 intelligere
828 4245 858 4310 id
874 4245 955 4328 qnod
970 4244 1149 4308 Niebuirrius
1163 4244 1221 4308 sibi
1236 4243 1395 4324 intelligere
1405 4243 1486 4307 risus
1501 4254 1556 4318 est,

394 4361 455 4407 non
473 4343 547 4406 aiios
566 4364 631 4409 ecoe
649 4347 707 4411 tros
721 4360 819 4431 patres
838 4349 896 4413 nisi
912 4349 1057 4432 poputum
1073 4347 1154 4411 ilium
1169 4347 1326 4428 patricium
1342 4345 1477 4410 cumatim
1492 4347 1557 4409 sui·

394 4446 485 4527 fragia
506 4449 656 4513 serentem.
700 4451 800 4534 Neque
819 4473 888 4516 vero
914 4451 984 4516 illuri
1009 4452 1084 4516 adeo
1109 4451 1219 4514 mium
1236 4449 1319 4514 Livio
1339 4449 1430 4514 rideri
1450 4448 1556 4534 potnit,
1675 4514 1680 4522 .

393 4549 513 4614 miriatis
533 4551 660 4616 comitiis
679 4553 727 4617 iris
745 4555 782 4619 de
796 4557 899 4622 eodem
915 4576 984 4640 rege
998 4554 1139 4638 suffragia
1152 4555 1209 4619 iata
1223 4571 1299 4629 csso,
1316 4552 1448 4638 primum
1463 4571 1557 4637 quum

394 4665 551 4719 crearetur.
566 4654 635 4719 dein
649 4675 742 4740 quum
758 4657 915 4744 imperinm
930 4661 957 4726 ei
972 4657 1213 4724 committeretur.
1256 4658 1397 4735 Quamvis
1411 4657 1491 4723 enim
1506 4676 1556 4721 ro·

394 4757 465 4822 teris
478 4757 521 4822 rei
536 4758 670 4842 publicae
684 4760 839 4846 imperitus
854 4767 951 4842 inerit,
966 4765 1138 4830 Ciceronem
1153 4773 1232 4828 certa
1244 4764 1361 4846 iegerat,
1376 4761 1427 4845 qni
1443 4759 1558 4843 delego

395 4861 509 4944 agraria
530 4861 566 4936 il,
582 4881 607 4928 c
623 4865 658 4928 il
681 4869 805 4930 mmorcs
819 4865 1113 4950 inquietarentur
1127 4865 1344 4950 mummius
1363 4867 1408 4932 iia
1421 4885 1475 4932 vot
1486 4882 1555 4930 aas·
