3792 5609
857 756 884 763 .„
905 663 989 763 ..Ψ
1020 754 1023 759 ,

361 853 532 934 praecipue
547 851 738 931 magistratus
752 853 844 915 creari
856 853 972 915 solitos.
996 850 1147 933 originem
1159 860 1258 914 autem
1269 851 1334 913 eius
1346 850 1460 915 ordinis
1471 851 1543 914 hinc

361 954 563 1038 repetendam
577 972 655 1028 esse,
674 955 771 1035 quod,
791 974 885 1037 quum
900 954 984 1019 initio
1001 954 1054 1017 riri
1070 954 1176 1017 virtute
1191 974 1227 1017 ac
1241 953 1354 1017 inieritis
1369 954 1542 1019 excellentes

362 1077 439 1140 prae
459 1056 568 1119 ceteris
589 1058 627 1121 ad
647 1078 785 1121 surrrmos
805 1061 937 1122 honores
957 1058 1047 1123 erecti
1067 1066 1184 1131 asserat,
1210 1058 1388 1140 procedente
1407 1067 1544 1138 tempore

364 1162 482 1223 horum
503 1160 633 1240 dignitas
653 1164 738 1245 qnasi
758 1162 889 1245 «praedam
910 1162 1082 1226 hereditatis
1103 1162 1167 1225 inre
1187 1161 1275 1225 etiarn
1302 1182 1319 1225 a
1345 1161 1414 1225 liliis
1439 1180 1544 1224 eorum

365 1268 651 1347 occupatorum),
671 1267 924 1348 ‹querrradmodum
939 1267 1053 1330 llomae
1070 1269 1179 1330 nictum
1195 1264 1345 1339 ridemus,
1364 1272 1411 1340 nt,
1431 1264 1547 1328 sublata

366 1368 448 1433 iuris
463 1369 546 1433 inter
559 1379 660 1451 psalms
676 1391 712 1434 ac
722 1370 838 1453 plelrem
851 1370 1016 1453 iniquitate,
1032 1389 1101 1432 snos
1115 1378 1214 1432 tamma
1226 1368 1365 1433 nobilitas
1376 1377 1546 1447 emergeret,

367 1492 467 1555 quum
489 1492 603 1556 paucae
623 1476 768 1557 quaedam
788 1474 915 1538 lararitiae
933 1493 1072 1539 surrrrnos
1093 1472 1285 1555 magistratus
1306 1472 1392 1555 quasi
1408 1470 1548 1554 proprios

366 1576 532 1652 haberent,
547 1577 733 1661 exclusisque
748 1579 920 1644 lriirninilms
933 1580 1020 1643 annis
1036 1600 1090 1643 eos
1103 1588 1227 1652 tantum,
1242 1576 1293 1660 qui
1305 1576 1341 1639 de
1355 1596 1411 1640 suo
1423 1592 1548 1640 numero

368 1692 474 1759 eraut,
502 1682 699 1746 admitterent
733 1684 771 1748 Et
791 1704 863 1749 arne
882 1685 941 1749 herc
959 1685 1047 1749 etiam
1068 1686 1192 1767 Spartae
1209 1684 1319 1747 lactum
1338 1700 1405 1744 esse
1424 1696 1486 1743 non
1506 1686 1552 1741 est

371 1788 459 1870 quod
475 1786 641 1851 dubitetur:
656 1788 748 1851 nimis
762 1789 841 1852 enirn
857 1790 985 1872 proclive
997 1790 1052 1853 luit
1066 1800 1095 1853 et
1109 1788 1227 1871 ingenio
1242 1790 1375 1852 numano
1391 1792 1550 1847 consenta-

373 1912 481 1956 neum.
506 1892 578 1955 illud
595 1902 693 1954 tannen
705 1893 815 1975 anabiqi
827 1904 936 1977 potest,
949 1895 1049 1959 sintne
1060 1894 1090 1958 in
1104 1892 1245 1958 llonmeis
1258 1892 1288 1955 lri
1301 1900 1414 1955 tantum
1426 1888 1551 1959 nobiles,

376 2014 460 2077 quos
482 1994 640 2076 pauciores
658 1995 751 2059 luisse
772 2007 908 2079 apparet,
935 2017 973 2061 an
994 2008 1111 2080 praeter
1131 2018 1184 2059 eos
1203 1997 1293 2061 etiam
1314 1994 1362 2059 elii
1384 2012 1445 2057 non
1466 1994 1553 2077 pauci

379 2097 531 2181 ignobiles
541 2098 730 2173 nurnerandi,
741 2101 996 2182 quemadmodum
1007 2100 1156 2165 arnoldus
1169 2100 1269 2164 rolult
1285 2098 1420 2161 Loebello
1433 2096 1553 2178 quidem

379 2201 455 2265 illud
475 2202 599 2264 alterum
619 2202 718 2264 cerins
737 2224 806 2267 esse
825 2204 941 2268 cicietur
961 2214 1132 2288 propterea,
1153 2204 1234 2284 quod
1256 2202 1293 2267 alr
1309 2200 1464 2265 Aristotele
1477 2194 1556 2277 τοὺς

383 2298 508 2379 solede
530 2294 719 2386 adponere,
746 2326 825 2387 qum
850 2308 915 2389 ipse
936 2309 1059 2371 eosdem
1085 2316 1172 2388 atque
1193 2306 1346 2369 llomoeos
1370 2324 1438 2367 esse
1462 2312 1557 2386 putat,

384 2408 570 2490 paauperilrus
585 2410 698 2491 opponi
712 2410 933 2484 anirrradrertit,
955 2412 1033 2473 uncle
1048 2410 1239 2474 rnarrilestum
1254 2408 1331 2483 lieri,
1358 2408 1423 2471 illos
1438 2402 1558 2483 καλοὺς

387 2502 564 2593 adpulere
581 2528 644 2575 uon
664 2532 812 2595 paauperes
832 2514 886 2576 sed
904 2514 1066 2595 locupletes
1085 2534 1162 2577 esse.
1196 2512 1330 2594 Narrrque
1345 2529 1485 2591 magnam
1500 2509 1556 2572 bo·

388 2634 500 2678 norum
530 2614 766 2696 inaequalitatem
798 2615 874 2679 inter
898 2615 977 2679 eires
1003 2616 1167 2698 Spartanos
1193 2616 1286 2679 luisse
1309 2614 1382 2679 satis
1409 2622 1558 2686 constare,

390 2716 527 2801 quamvis
550 2717 582 2779 in
604 2739 642 2780 eo
661 2718 867 2793 dissentiatur,
892 2727 994 2783 utrum
1014 2720 1088 2782 lraec
1106 2719 1299 2802 inaequalitas
1320 2718 1379 2781 iam
1400 2716 1499 2781 statim
1520 2717 1557 2779 al

391 2820 477 2883 initio
493 2820 592 2892 luerit,
607 2838 646 2884 an
660 2830 764 2903 postea
776 2822 898 2885 densum
914 2821 1056 2897 estiterit,
1072 2841 1165 2903 quum
1181 2822 1343 2904 aequabilis
1357 2822 1403 2884 ille
1418 2838 1558 2903 agrorum

393 2924 513 2997 modus,
526 2942 615 3005 quem
626 2924 778 3005 charrgus
790 2924 925 2999 lioirerit,
936 2924 1055 2988 retineri
1068 2944 1129 2989 non
1141 2924 1299 3007 potuisset.
1318 2925 1361 2987 dc
1372 2924 1430 2987 sibi
1441 2924 1559 3006 quidem

394 3044 571 3107 persuasum
597 3046 667 3089 esse
693 3028 848 3102 aGrotio,
875 3028 965 3093 istam
991 3029 1028 3092 de
1047 3029 1179 3111 lqcurgo
1207 3026 1408 3091 narrationem
1435 3046 1561 3109 prorsus

396 3128 562 3193 fabulosam
575 3138 663 3211 atque
677 3131 918 3195 conmrenticiam
932 3152 1015 3207 esse3
1030 3132 1139 3214 quodsi
1153 3130 1220 3213 quis
1236 3138 1334 3192 tannen
1348 3129 1431 3193 aliter
1444 3130 1562 3205 iudicet,

395 3230 465 3294 illud
496 3233 600 3295 saltem
626 3242 740 3296 certum
769 3254 853 3308 esse,
888 3236 947 3298 iam
978 3234 1198 3298 florentissimis
1224 3234 1441 3314 Spartanorum
1471 3234 1562 3297 rebus

396 3352 534 3415 magnam
553 3335 704 3399 honorum
723 3336 961 3418 inaequalitatem
976 3349 1023 3402 sat
1038 3338 1139 3402 multis
1153 3336 1341 3401 ‹locumentis
1356 3335 1509 3416 cognosci,
1529 3346 1562 3399 ut

346 3446 374 3499 n
395 3436 442 3500 alii
461 3437 632 3519 perdivites,
660 3438 707 3501 alii
728 3458 875 3521 pauperes
894 3450 1004 3505 essent
1038 3442 1115 3504 llinc
1134 3441 1222 3521 igitur
1240 3436 1369 3504 dubitari
1384 3455 1446 3500 non
1461 3458 1563 3520 posse,

397 3540 468 3621 quio
483 3540 642 3605 Aristotelii
658 3540 697 3603 illi
712 3535 811 3605 καλοὶ
825 3532 977 3624 κάγαθοὶ
992 3543 1111 3616 diriter,
1132 3542 1213 3607 adteri
1229 3552 1341 3617 auum,
1361 3558 1437 3622 quos
1453 3533 1562 3626 δήμου
1610 3590 1612 3596 ,

400 3662 425 3705 s.
440 3642 536 3723 plebis
549 3644 672 3707 nomine
686 3643 845 3726 signiticat,
859 3664 1006 3727 pauperes
1022 3645 1151 3709 habendi
1167 3646 1235 3709 sint
1262 3644 1363 3726 Neque
1379 3652 1477 3707 umen
1492 3642 1563 3707 nihil
1622 3662 1623 3665 ’

401 3753 514 3826 praeter
532 3744 647 3811 divitiae
667 3747 749 3812 illum
769 3748 959 3830 optimatium
980 3746 1063 3827 (τῶν
1076 3744 1184 3813 καλῶν
1197 3740 1375 3833 κάγαθῶν)
1396 3745 1531 3809 ordinem
1547 3768 1564 3809 a

401 3846 484 3928 plebe
503 3847 688 3926 distinxisse,
706 3854 759 3916 sed
780 3852 943 3916 accessisse
963 3852 1051 3916 etiam
1073 3852 1223 3935 quandam
1239 3850 1358 3935 generis
1373 3848 1566 3922 nobilitatem,

402 3967 491 4031 quae,
517 3948 582 4013 licet
598 3969 660 4013 noo
682 3954 746 4017 iure
766 3976 801 4019 ac
818 3956 933 4038 legibus
949 3958 1082 4032 lundata,
1098 3956 1233 4020 erroribus
1249 3964 1348 4019 tamen
1363 3963 1393 4016 et
1406 3970 1460 4035 per
1474 3970 1564 4016 usur-

402 4052 551 4133 pationem
570 4054 734 4135 potentium
755 4058 908 4137 paullatim
928 4056 1091 4123 invaluerit.
1125 4060 1191 4123 lloe
1211 4056 1348 4141 equidem
1368 4058 1479 4121 lactum
1499 4074 1566 4117 esse

403 4172 464 4218 non
482 4172 575 4236 nepo,
604 4158 855 4245 quemadmodum
876 4163 936 4229 iam
957 4182 1048 4244 supra
1069 4164 1225 4244 protessus
1244 4179 1327 4225 sum:
1359 4159 1429 4223 illud
1450 4164 1564 4223 tantum
1615 4194 1618 4203 ·
1685 4180 1686 4183 ¹

405 4322 618 4336 *μυ-ιι
641 4329 653 4336 ι,
665 4330 672 4336 -
695 4330 699 4337 .

476 4411 516 4475 ¹³)
534 4412 601 4466 llus.
618 4414 703 4483 philol.
716 4413 834 4471 cantabr.
850 4423 903 4473 rot.
914 4420 945 4476 lt.
963 4438 988 4493 p.
1001 4422 1046 4477 dle
1069 4420 1116 4491 ,n
1127 4438 1211 4475 soem
1220 4418 1343 4493 pradelle
1354 4420 1412 4471 aar
1420 4418 1461 4471 ua
1472 4414 1566 4487 ΕΜ

405 4514 475 4555 were
489 4515 523 4551 ca
539 4501 731 4554 «romnus
745 4502 812 4557 etam
826 4496 918 4559 solttl's
934 4510 977 4567 tte
993 4510 1060 4579 toda
1076 4506 1258 4579 qsdpcrtm,
1274 4507 1333 4559 soto
1348 4518 1417 4559 amre
1428 4502 1504 4557 rasel
1513 4517 1567 4554 aaa·

405 4583 499 4653 W
511 4587 538 4637 ’Ἀ
551 4584 638 4656 ”⁶⁸⁶
655 4587 758 4657 mm,
773 4590 827 4643 ’Μ
835 4592 889 4645 dd
896 4600 976 4662 Μ
986 4595 1112 4663 iafiucms
1124 4612 1156 4648 ca
1169 4595 1210 4646 tlte
1222 4594 1408 4662 permanante
1428 4585 1568 4657 amplecte

405 4670 872 4745 nwmsoemamr,
892 4678 946 4733 ιιι
959 4680 1118 4750 mm
1130 4679 1273 4735 imma
1285 4670 1568 4745 commonerer
