3792 5609
930 871 1131 972 ...sn-

442 1065 501 1126 dex
520 1062 625 1124 eodem
645 1060 692 1124 die
711 1060 742 1123 in
761 1060 894 1142 pluribus
913 1059 1076 1123 disasteriis
1092 1061 1215 1124 sederet.
1249 1061 1310 1122 Cur
1325 1059 1413 1140 igitur
1428 1061 1561 1144 pluribus
1577 1081 1610 1124 se

443 1163 583 1244 catalogis
597 1162 717 1224 inscribi
733 1159 871 1224 emeretr
893 1163 951 1224 Sed
964 1163 1064 1226 oraturia
1076 1163 1249 1244 planissima
1262 1172 1371 1225 suntet
1381 1164 1611 1245 expeditissima,

442 1267 470 1330 si
490 1285 588 1329 means
607 1264 753 1328 rationem
771 1265 968 1346 amplectaris.
1006 1265 1153 1329 Niudmm
1173 1265 1229 1328 loci
1249 1263 1426 1356 sententiam
1446 1268 1525 1330 bane
1543 1287 1611 1330 esso

442 1369 524 1432 dieo:
545 1367 623 1430 baud
643 1368 730 1430 stulte
749 1375 841 1452 ogunt
858 1366 984 1440 indicos.
1005 1369 1054 1450 qui
1075 1388 1198 1453 operam
1220 1369 1289 1430 dme
1304 1369 1414 1444 soient,
1434 1379 1466 1432 ut
1481 1388 1543 1433 non
1559 1368 1611 1432 uni

443 1473 496 1534 sed
511 1471 648 1554 pluribus
662 1469 791 1534 decuriis
805 1457 1018 1549 admittantur,
1034 1493 1103 1555 quo,
1119 1472 1143 1535 si
1159 1474 1235 1535 nor-ro
1251 1473 1302 1535 md
1317 1491 1352 1534 ex
1368 1471 1415 1534 bis
1431 1491 1518 1536 causa
1533 1473 1611 1536 nulia

444 1573 600 1638 iudicanda
618 1573 785 1648 otoo-oon,
806 1573 863 1658 ipsi
880 1584 976 1638 turaron
993 1585 1149 1660 propteroa
1166 1576 1293 1639 triobolo
1309 1595 1346 1638 uo
1361 1584 1492 1652 mereant,
1513 1575 1610 1639 sedin

443 1677 499 1742 adia
513 1677 643 1754 «decuria,
658 1677 705 1743 oui
721 1678 831 1743 [dirior
845 1697 913 1742 sous
929 1679 1026 1756 irruit,
1041 1681 1151 1744 iustiora
1167 1681 1298 1745 seriermt.
1321 1681 1416 1762 dupio
1432 1680 1517 1743 talum
1530 1681 1610 1744 trau·

443 1785 511 1846 dem
522 1784 602 1847 baud
614 1802 683 1846 raro
695 1785 801 1846 taobrn
813 1803 879 1847 osse
890 1783 926 1846 ab
938 1784 1112 1849 bominibus
1124 1805 1215 1868 surpra
1228 1785 1351 1848 rrrodmn
1364 1779 1611 1871 prophanastis,

443 1888 544 1968 quales
559 1888 597 1950 ab
611 1887 810 1968 Aristophane
825 1888 854 1950 iu
869 1887 971 1968 i'espis
988 1889 1192 1964 tradnruntur,
1207 1883 1451 1951 rorisirudtimum
1466 1897 1520 1950 est.

530 1990 642 2071 Capi.
658 1991 717 2052 Sed
728 1989 776 2052 bio
787 1990 967 2053 incurrimus
979 1991 1008 2053 iu
1019 1992 1102 2056 aliam
1113 1991 1322 2066 difficultatem,
1334 2011 1368 2053 ox
1382 2010 1439 2072 qua
1450 2009 1516 2064 uos,
1527 1998 1611 2052 anto·

445 2113 536 2176 quam
552 2093 663 2174 reliqua
677 2111 901 2175 perseueratum,
917 2094 1053 2178 expedito
1069 2095 1254 2158 conabimur.
1282 2094 1374 2157 boeot
1388 2093 1466 2156 enim
1482 2093 1610 2156 sobolia-

446 2207 508 2260 stes
524 2198 582 2272 iile,
603 2197 651 2260 rui
666 2197 744 2259 bam
757 2197 795 2260 de
809 2197 940 2260 imtioum
956 2197 1100 2268 diuisione
1117 2197 1251 2262 notitiam
1266 2197 1423 2272 (letemus,
1440 2197 1531 2260 tuisse
1546 2216 1610 2259 eam

446 2295 532 2364 κατὰ
546 2292 663 2386 φυλάς,
679 2299 810 2362 tribuum
825 2300 963 2363 diuisioni
979 2301 1210 2375 muoruodatmu,
1226 2301 1263 2364 itu
1277 2300 1416 2374 uidelicet,
1431 2309 1463 2363 ut
1477 2321 1493 2362 e
1508 2299 1611 2380 siugu-

445 2403 482 2466 lis
497 2401 631 2466 tribubus
646 2401 779 2483 singulae
793 2403 929 2466 ‹iocuriae
944 2403 1212 2468 conscriberentur.
1235 2405 1330 2485 dtrpm
1346 2401 1433 2464 buius
1450 2401 1611 2464 sententiae

445 2506 535 2568 etiam
553 2505 641 2567 atium
661 2504 904 2585 adstipulatorem
924 2507 1088 2587 producere
1105 2526 1244 2586 possum,
1264 2513 1415 2568 auctorem
1430 2503 1527 2566 Lexiri
1541 2503 1611 2566 riuo-

445 2607 532 2670 torioi
551 2607 582 2669 iu
600 2607 724 2669 bekkori
743 2608 892 2680 borodi,
912 2627 941 2688 p.
954 2609 1026 2682 tot,
1041 2609 1092 2668 to:
1115 2601 1268 2684 Ἡλιαία,
1288 2601 1374 2690 μέγα
1395 2599 1612 2691 δικαστήριον

447 2703 648 2794 Ἀθήνησιν,
668 2702 703 2770 ἐν
717 2691 746 2791 ᾧ
759 2703 803 2769 ad
816 2702 960 2790 μέγιστα
974 2705 1038 2770 τῶν
1054 2701 1224 2793 δημοσίων
1238 2702 1442 2793 πραγμάτων
1456 2699 1610 2792 ἐκρίνετο.

444 2799 485 2896 ἦν
504 2805 542 2872 δὲ
560 2802 676 2886 χιλίων
695 2803 923 2872 πεντακοσίων
942 2805 1001 2873 καὶ
1020 2803 1101 2886 ἑνός.
1136 2803 1296 2896 συνῄεσαν
1315 2805 1353 2874 δὲ
1373 2801 1406 2872 oi
1426 2803 1487 2890 μὲν
1505 2801 1612 2888 χίλιοι

445 2904 666 2974 πεντακόσιοι
691 2903 729 2973 ἐκ
753 2907 853 2994 τριῶν
878 2907 998 2995 φυλῶν.
1045 2913 1130 2974 Vides
1151 2911 1199 2972 bio
1217 2929 1336 2994 «puroque
1355 2906 1462 2994 φυλὰς
1481 2909 1609 2973 iudicum

445 3011 689 3083 cornrrremorari‚
708 3011 841 3074 uirorum
859 3013 1086 3094 quingenormu.
1122 3013 1236 3086 Quodsi
1252 3031 1354 3074 rerum
1374 3011 1405 3072 bi
1421 3010 1611 3074 Grarnrnatiri

390 3128 421 3181 ιι
444 3114 562 3187 dicunt,
576 3131 639 3174 non
654 3130 728 3175 sane
742 3112 889 3192 intelligo,
905 3115 1058 3194 ‹promodo
1074 3115 1204 3197 potuerit
1218 3132 1348 3194 unquam
1364 3111 1442 3184 lieri,
1458 3121 1493 3174 ut
1507 3111 1611 3192 aliquis

339 3280 349 3296 ,
443 3214 579 3296 pluribus
593 3213 682 3276 simod
696 3214 823 3278 decaniis
837 3216 1061 3291 adscriberetur,
1076 3215 1133 3279 nisi
1148 3216 1174 3278 si
1190 3215 1299 3278 tribum
1315 3232 1401 3276 suom
1414 3213 1612 3275 dissimularet

442 3328 541 3398 atquo,
557 3325 717 3397 postquam
733 3315 810 3380 inter
824 3337 911 3380 soros
927 3318 1046 3381 tribulos
1062 3338 1135 3382 suos
1151 3318 1280 3400 scriptus
1294 3323 1383 3388 esset,
1400 3315 1485 3378 aliam
1502 3315 1610 3378 tribum

443 3419 627 3492 resentiretun
647 3427 681 3480 ut
698 3419 787 3481 etiam
806 3419 837 3482 in
857 3419 947 3482 buius
968 3421 1117 3485 denuiam
1139 3423 1294 3504 irrepor·et;
1314 3419 1410 3500 qualis
1431 3420 1511 3480 trans
1531 3417 1610 3480 baud

443 3523 506 3586 seio
521 3542 561 3585 an
575 3540 730 3604 unrrquarn
746 3522 789 3584 rel
804 3522 949 3585 tantillum
967 3527 1110 3606 tourporis
1124 3526 1213 3588 latore
1229 3523 1365 3606 potuerit,
1381 3539 1482 3602 (purum,
1496 3519 1610 3582 etiamsi

444 3629 519 3689 sorte
538 3643 601 3687 non
622 3644 728 3688 onmes
749 3624 887 3699 tribulos,
907 3634 937 3687 at
957 3639 1035 3690 certe
1055 3621 1200 3714 δημόται
1220 3625 1283 3689 nod
1303 3625 1379 3687 inter
1398 3643 1431 3686 so
1445 3630 1558 3694 essent,
1579 3631 1613 3684 ut

445 3729 572 3792 alionum
587 3725 687 3790 statim
703 3747 720 3788 a
736 3727 838 3791 multis
853 3728 975 3808 agnose-i
992 3739 1152 3811 ‹optortoret
1179 3731 1256 3792 Num
1272 3728 1359 3808 igitur
1373 3725 1402 3788 hi
1420 3725 1552 3788 trondem
1568 3724 1610 3786 si-

445 3831 536 3893 lentio
556 3827 720 3893 texissent?
752 3830 830 3894 b'mn
850 3831 1009 3912 quisquam
1032 3841 1090 3895 tam
1106 3834 1208 3914 exigua
1224 3840 1274 3895 aut
1288 3830 1365 3894 nulla
1379 3829 1479 3911 potius
1495 3827 1610 3891 tollendi

446 3953 501 4015 spe
515 3931 707 4014 deliquisset?
729 3934 810 4014 «pou
826 3935 898 4016 rpdn
914 3935 993 3999 barud
1010 3935 1131 4017 impune
1146 3935 1280 3999 consisto
1297 3932 1392 4006 tuerit,
1407 3930 1533 3993 dubitari
1550 3949 1610 3992 non
1690 3985 1693 3990 .

447 4044 554 4117 potest.
580 4037 717 4097 dttarnen
732 4053 794 4097 non
809 4035 848 4098 ita
862 4056 931 4099 raro
947 4037 1036 4100 istam
1052 4039 1184 4102 fraudem
1201 4040 1306 4101 tactam
1321 4055 1388 4098 esse
1402 4031 1610 4112 Aristophanis

447 4137 534 4199 sorba
550 4137 721 4199 ostendunt
753 4137 831 4212 uuio
851 4136 940 4218 igitur
960 4139 1149 4204 suatuarttus?
1181 4133 1258 4203 bibit
1274 4137 1410 4220 equidem
1425 4133 1548 4197 calidius
1563 4133 1609 4195 di-

446 4247 527 4300 etum
540 4236 640 4313 retiam
654 4239 707 4300 sed
721 4239 779 4302 boe
793 4250 905 4303 eertum
921 4249 981 4316 est,
996 4251 1046 4306 aut
1061 4241 1253 4323 frigidissime
1267 4239 1395 4303 iocatum
1411 4256 1478 4300 esse
1494 4235 1610 4298 bristo·

424 4368 431 4380 ·
446 4339 573 4418 pbanem
592 4348 622 4402 et
636 4348 748 4403 munere
762 4340 879 4417 iecisse,
899 4344 979 4424 quod
996 4343 1027 4407 in
1041 4344 1193 4407 nenrinem
1208 4344 1338 4415 raderet,
1359 4347 1410 4403 ant
1423 4338 1505 4401 aliter
1519 4337 1609 4400 deeu-

444 4439 505 4503 rias
525 4439 655 4503 iudienm
674 4442 838 4524 descriptas
858 4445 965 4520 fnisse,
985 4455 1072 4528 atque
1093 4445 1275 4526 pneumatici
1294 4439 1390 4505 nostri
1407 4440 1609 4515 credideruuta

445 4542 497 4624 oui
516 4541 635 4624 quidem
653 4561 743 4624 quam
763 4546 844 4609 tacite
862 4547 893 4608 iu
912 4546 1004 4611 istum
1025 4566 1157 4611 errorem
1174 4545 1274 4610 induci
1288 4541 1453 4627 potuerint,
1473 4560 1565 4622 quum
1580 4550 1611 4603 et

446 4643 523 4707 idem
541 4653 622 4708 esset
639 4643 769 4707 omnum
788 4665 824 4710 ae
842 4649 1029 4712 decuriarum
1045 4667 1204 4722 numerus,
1225 4643 1365 4726 et‘annua
1381 4642 1496 4706 sortitio
1513 4641 1609 4706 tribu·

447 4745 499 4810 tim
512 4745 592 4810 baud
607 4745 695 4816 dubia
709 4748 791 4811 steret
804 4751 1009 4832 (mespili),
1024 4769 1088 4814 non
1102 4769 1180 4833 opus
1194 4761 1242 4814 est
1255 4747 1356 4813 multis
1370 4747 1467 4810 verbis
1481 4747 1608 4809 demon·

367 4866 371 4874 ·
445 4857 550 4913 strare
582 4848 678 4913 Etiam
697 4859 870 4914 seuatmmn
888 4852 993 4916 divisio
1012 4847 1097 4918 κατὰ
1116 4847 1223 4940 φυλὰς
1236 4850 1379 4918 sontumdi
1393 4869 1462 4914 oum
1476 4847 1608 4913 iudicum
