3792 5609
759 756 949 855 Ji.-.

277 953 386 1018 essent.
404 944 610 1010 Crustuminae
624 945 720 1011 tribus
735 967 801 1014 esse
816 950 948 1014 violemus
961 953 969 994 ¹
982 951 1023 1022 ¹).
1039 955 1209 1030 propterea.
1226 943 1350 1026 opinor,
1365 943 1446 1025 6666

279 1049 398 1134 plurimi
423 1049 513 1114 huius
532 1049 627 1134 gentis
648 1050 677 1114 16
697 1051 743 1116 illa
763 1053 835 1118 anlon
855 1062 1071 1122 montaneorant.
1099 1050 1166 1113 iicet
1188 1047 1319 1113 66616616
1338 1067 1445 1113 rursus

278 1155 452 1220 Latinorum
472 1156 619 1237 potestati.
664 1157 842 1222 Sabinorum
867 1159 955 1242 igitur
978 1157 1068 1221 armis
1087 1153 1165 1238 66161
1183 1175 1219 1218 66
1237 1154 1362 1220 urbibus
1382 1151 1446 1217 suis

279 1259 364 1324 multi
379 1259 505 1324 Romam
520 1279 623 1324 tersus
639 1262 835 1344 confugerunt
849 1263 1082 1346 Capitoliumque
1096 1260 1276 1328 insederunt.
1291 1259 1322 1322 in
1337 1257 1447 1342 quibus

280 1365 305 1428 si
321 1367 442 1429 luerunt
455 1364 542 1428 etlam
559 1365 719 1440 Medullini,
731 1379 962 1430 consentaneum
978 1367 1045 1434 luit.
1065 1374 1184 1446 6666616
1203 1363 1295 1427 semel
1313 1363 1446 1445 6666616

279 1468 389 1544 sabulo,
409 1467 536 1532 Mestum
557 1469 637 1532 illum
658 1471 686 1532 la.
703 1491 729 1534 e.
749 1472 887 1534 aduenam
904 1470 1094 1534 Medullinum
1109 1469 1139 1532 in
1154 1468 1197 1532 eis
1211 1470 1375 1544 numerari,
1396 1469 1446 1552 qui

281 1574 311 1636 in
331 1572 443 1656 asylum
464 1573 674 1654 confugissent.
718 1574 791 1637 Mam
812 1575 890 1655 qnod
907 1567 1174 1657 llionpsins'tradit
1188 1573 1363 1637 Medulliuos
1377 1593 1446 1637 cutm

279 1676 342 1740 61116
363 1676 462 1740 multis
483 1676 643 1740 civitatibus
659 1676 783 1740 Romani
805 1677 880 1758 regis
901 1678 976 1740 lama
995 1677 1114 1739 allectos
1132 1696 1212 1747 esse.
1232 1687 1266 1740 ut
1283 1677 1315 1740 in
1333 1679 1398 1740 eins
1413 1697 1447 1740 66
1556 1711 1559 1714 ’

278 1780 398 1844 tutelam
418 1779 535 1854 darent,
557 1779 585 1842 id
605 1798 710 1860 reapse
725 1780 769 1842 sic
784 1789 816 1842 ut
831 1781 954 1842 traditur
969 1787 1084 1858 gestum
1099 1799 1166 1841 esse
1180 1798 1269 1842 nemo
1284 1781 1366 1844 iacile
1380 1799 1445 1843 cre·

279 1884 337 1945 det.
382 1880 460 1942 Nihil
480 1881 558 1943 aliud
573 1881 642 1942 huic
657 1879 767 1944 tabidae
782 1882 899 1952 subest.
920 1900 1009 1963 quam
1024 1880 1192 1944 adiunxisse
1206 1901 1239 1944 se
1253 1883 1320 1946 illos
1334 1883 1445 1946 Roma·

279 1984 326 2048 nia
341 1981 438 2047 ausilii
454 2002 517 2063 spe,
532 1991 561 2045 et
576 1992 666 2054 metu,
682 1991 715 2046 ut
730 1983 799 2057 disi,
815 1983 1003 2047 Sabinorum.

328 2139 329 2142 ,
367 2085 428 2149 stts
442 2094 538 2149 sutem
554 2085 686 2149 Medullia
702 2085 829 2150 inlatio
845 2087 913 2158 luit,
930 2095 1159 2169 numerumque
1174 2089 1204 2151 in
1220 2087 1345 2151 coloniis
1359 2087 1446 2152 atos·

279 2207 389 2253 norum
401 2193 408 2232 ¹
420 2192 467 2265 ⁸):
481 2205 582 2252 nerum
599 2189 647 2252 illu
663 2199 806 2271 tenpore.
822 2210 914 2272 aluum
926 2189 1028 2253 Salrioi
1043 2189 1074 2252 in
1089 2190 1143 2253 lass
1158 2190 1294 2270 regiones
1309 2201 1446 2273 penetra·

162 2375 166 2383 ,
281 2293 364 2366 bant.
385 2309 446 2356 uon
462 2291 649 2366 Latinorum,
673 2294 724 2355 sed
740 2291 934 2356 Etruscorum
957 2293 1048 2356 luisse
1067 2292 1194 2363 ridetur.
1214 2312 1292 2374 quos
1312 2309 1446 2373 magnam

281 2395 351 2460 olim
366 2393 439 2459 Latii
455 2403 568 2476 partem
584 2393 755 2475 possedisse
769 2395 859 2458 multa
875 2395 1056 2470 66666111).
1079 2393 1153 2457 Mam
1169 2413 1207 2458 ne
1220 2394 1257 2456 de
1267 2395 1386 2458 fidenis
1401 2393 1447 2457 di·

282 2515 355 2572 rem,
370 2515 444 2578 ques
459 2493 547 2558 etiam
563 2495 687 2577 postlrac
701 2495 866 2560 diutissime
882 2495 1074 2569 retinuerunt,
1094 2505 1145 2558 aut
1158 2495 1194 2558 66
1207 2496 1348 2568 Tusculo,
1364 2495 1448 2559 cuius

199 2621 201 2626 ·
281 2598 379 2679 ipsum
399 2614 509 2660 nomeu
523 2615 540 2658 a
555 2596 660 2659 'luscis
676 2597 704 2660 ls.
720 2617 745 2658 e
767 2597 803 2660 ab
818 2597 953 2660 Etruscis
973 2596 1097 2659 inditum
1112 2616 1178 2660 esse
1193 2607 1329 2679 6666661,
1348 2605 1399 2660 661
1412 2597 1450 2659 66
1470 2607 1486 2658 t
1574 2675 1580 2684 ·

281 2700 393 2770 Ardea.
414 2698 592 2762 Rutulorum
608 2698 696 2772 urbe,
717 2698 802 2761 cuins
818 2718 886 2761 mos
903 2699 1016 2761 nsotrtio
1033 2698 1166 2761 iacienda
1182 2699 1253 2768 erit.
1274 2698 1449 2762 Volscorum

282 2819 402 2882 quoque
423 2817 527 2880 agrum
549 2801 578 2862 in
593 2801 788 2863 Etruscorum
809 2809 957 2882 potestate
979 2799 1071 2863 luisse
1092 2809 1122 2862 et
1136 2801 1258 2862 Catonis
1277 2801 1450 2864 testimonio

283 2913 401 2966 constat
413 2909 420 2946 ¹
433 2905 473 2981 ²),
490 2912 529 2974 et.
545 2911 578 2965 nt
588 2902 723 2977 arbitror,
740 2903 828 2966 etiam
841 2902 1022 2984 oppidorum
1035 2902 1359 2975 6666666666ιί61666,
1374 2903 1451 2966 'l'ar-

283 3005 399 3070 racinse
414 3016 446 3068 et
459 3006 645 3079 Velitrarum,
663 3007 876 3088 comprobatur
888 3007 895 3046 ¹
908 3007 949 3080 ι“).
978 3006 1038 3067 Sed
1054 3004 1197 3067 Etruscos
1212 3025 1281 3068 caran
1297 3007 1375 3080 cliro,
1391 3023 1452 3068 uon

284 3128 352 3172 enm
370 3109 489 3189 intelligi
505 3110 649 3190 populum
666 3109 742 3179 roto,
758 3107 1070 3188 661661166661611),
1086 3109 1319 3188 666666666616.
1335 3107 1452 3189 61166·

284 3211 386 3274 6116616
399 3211 540 3290 Pelasgis,
557 3230 624 3274 cunt
641 3211 677 3273 atl
694 3211 809 3273 Patlnnt
826 3219 888 3272 lunt
906 3211 934 3272 in
952 3210 1016 3291 ipsa
1029 3211 1146 3273 Etruria
1162 3211 1272 3272 mixtus
1287 3220 1453 3292 61666666-

285 3321 333 3377 tus
354 3313 423 3382 tuit.
443 3348 485 3359 —
504 3331 580 3394 «puae
603 3312 754 3374 concretio
775 3332 848 3376 natm
869 3314 925 3374 liae
945 3313 1004 3376 iam
1021 3321 1116 3376 aetate
1132 3321 1183 3374 aut
1197 3322 1302 3393 coelata
1317 3321 1368 3374 aut
1382 3329 1452 3392 per·

285 3416 360 3478 lecta
375 3415 423 3490 sit,
440 3415 469 3476 in
485 3413 586 3476 medio
601 3431 681 3476 natac
695 3414 817 3495 quidam
834 3416 1062 3495 relinquendum
1078 3425 1134 3479 ost.
1149 3447 1192 3460 -
1208 3414 1262 3474 sad
1278 3414 1360 3475 solos
1375 3411 1451 3492 'spr-

285 3517 411 3589 rhenos,
432 3534 561 3596 quornm
579 3516 616 3577 do
631 3516 768 3589 arantino,
792 3516 869 3579 nario
885 3517 964 3597 apud
980 3516 1068 3578 ltalos
1085 3515 1256 3580 immutato.
1276 3513 1366 3574 etiam
1382 3513 1452 3576 illud

285 3657 586 3668 ——n--m-..n--n-

254 3787 256 3790 Ι
343 3724 383 3788 11)
402 3723 458 3776 nto.
473 3721 556 3786 XLM,
569 3721 615 3786 tt,
634 3722 662 3774 te
684 3723 755 3790 „sp
774 3722 962 3787 Ligustinus
980 3721 1082 3772 tribas
1099 3719 1323 3773 Crustuminae
1340 3734 1378 3772 ax
1396 3720 1453 3772 Sa·

285 3808 369 3862 161616
387 3823 450 3859 sum
468 3807 658 3857 66166666.“

340 3891 380 3955 16)
398 3890 504 3958 Dionys.
517 3889 557 3954 tlt,
573 3889 583 3940 1
599 3897 626 3941 61
637 3891 679 3954 31,
692 3889 724 3941 61.
738 3890 839 3943 clover.
852 3889 908 3943 ttst.
921 3898 974 3941 ant.
988 3907 1013 3957 p.
1025 3891 1084 3941 666.

340 3974 380 4041 16)
399 3974 437 4026 Cl.
450 3975 569 4040 Mueller,
582 3975 682 4027 1116666.
699 3975 709 4026 1
725 3974 820 4042 6111.

339 4059 379 4124 11)
398 4060 471 4112 Sera.
484 4061 516 4112 66
528 4061 590 4112 nso.
603 4059 731 4124 Χ1,6616
750 4059 856 4124 ..uento
868 4060 1032 4122 Volscorum,
1049 4076 1113 4127 quae
1125 4061 1218 4128 etipsa
1230 4060 1396 4114 1116666666·
1409 4079 1454 4130 66·

286 4151 382 4198 1661616
394 4144 540 4210 rescimus,
552 4146 617 4213 quod
629 4146 692 4198 Catu
705 4144 849 4214 plenissime
861 4153 1003 4212 exequutus
1016 4148 1084 4196 αι’*

339 4231 380 4294 ts)
398 4229 436 4282 lle
448 4227 675 4283 Tarracina-
686 4246 750 4298 quse
762 4230 844 4283 minus
856 4239 926 4283 recte
938 4229 1111 4282 Terracina
1125 4229 1245 4283 scribitur
1256 4261 1291 4271 -
1308 4233 1373 4287 istra
1385 4235 1455 4286 tiee-

287 4324 339 4369 tar.
362 4314 559 4370 Velitrarum
577 4333 666 4369 666666
683 4332 738 4369 casa
755 4314 1455 4384 16161661,66661616166666116666161666661,

287 4402 336 4455 iasa
350 4401 394 4455 alii
412 4410 615 4471 composueram.
651 4401 688 4455 61.
706 4401 799 4466 Lausi,
816 4401 909 4466 666616
926 4401 951 4452 61
964 4401 1050 4468 lingua
1063 4400 1118 4454 Etr·
1131 4401 1152 4455 ll
1164 4420 1188 4471 6.
1199 4403 1242 4455 66.
1277 4404 1301 4456 J.
1314 4404 1411 4456 1166611
1427 4411 1457 4456 et

287 4487 316 4541 P.
328 4487 453 4555 Tmsieri,
465 4485 539 4541 L'aea
550 4503 629 4554 66666
640 4488 682 4540 661
695 4504 781 4540 musso
794 4485 968 4539 liircheriann.
1004 4487 1084 4551 (Roas.
1100 4488 1176 4552 tenu)
1189 4507 1213 4558 p.
1226 4491 1268 4542 611.

342 4573 382 4640 16)
401 4573 439 4628 116
455 4575 495 4627 lis
511 4573 592 4639 6661..
609 4589 672 4642 qnae
688 4581 777 4626 eoataa
789 4573 819 4626 tt.
829 4573 947 4642 Lepsiuaa
960 4573 1054 4639 (116166
1064 4574 1105 4626 616
1117 4573 1321 4644 ’1666666166166
1333 4574 1457 4643 11666666

288 4661 313 4714 16
326 4661 457 4714 Etroriea.
473 4661 561 4731 Leipa.
576 4659 662 4726 1612.)
678 4676 694 4712 6
712 4660 783 4713 66616
798 4659 927 4730 disputata
939 4668 999 4713 saat
1010 4661 1036 4714 ia
1048 4661 1137 4714 lliara.
1147 4661 1274 4732 aau'qaar.
1287 4660 1456 4726 1261166161.

288 4749 313 4800 6.
325 4737 563 4810 111666666ιῆ66.)
578 4744 643 4797 1616
656 4761 680 4813 6.
695 4745 769 4798 tatu.
