3792 5609
969 726 1012 791 oo

880 813 1082 826 --—........

405 917 540 1001 gandam.
585 916 682 996 dtqne
701 913 779 978 hano
798 913 893 996 ipsam
909 914 1052 996 Apollinei
1072 917 1205 982 numinis
1220 930 1356 985 naturam
1371 931 1401 984 et
1414 931 1570 1004 praestan·

404 1022 472 1084 tiam
499 1021 529 1083 in
556 1017 776 1089 conseruisse,
802 1016 1572 1089 oorOetarianoslaniusdeieultnmriribnssois

405 1144 474 1208 prae
488 1119 594 1186 exteris
609 1121 853 1184 commendatum
867 1121 965 1197 velet,
987 1121 1060 1185 scite
1074 1123 1134 1186 iam
1148 1143 1166 1188 a
1180 1125 1212 1190 (L
1228 1127 1262 1190 F.
1279 1128 1451 1192 Hermanno
1466 1128 1571 1192 obser·

404 1237 500 1292 vatum
516 1225 608 1290 estin
625 1224 880 1306 p1·aostantisslma
895 1223 1104 1290 dissertatione
1119 1229 1157 1292 de
1171 1229 1238 1292 loeo
1252 1229 1398 1312 Apollinis
1412 1229 1443 1293 in
1458 1230 1571 1295 iloratii

349 1340 352 1343 ’
402 1332 532 1396 carmine
552 1327 708 1402 madidari,
734 1347 790 1390 neo
808 1335 908 1410 potest
926 1328 1032 1392 melius
1053 1349 1143 1412 qoam
1163 1331 1236 1414 ipsis
1257 1333 1311 1397 riri
1327 1331 1571 1398 desideratissimi

402 1435 498 1500 serbis
513 1433 632 1516 exponi.
676 1431 778 1496 Nulla
797 1433 980 1514 prolecto,
1003 1431 1113 1514 inquit,
1139 1434 1260 1518 aptior
1281 1435 1396 1501 tutela
1419 1437 1572 1501 inveniri

402 1547 543 1623 poterat
565 1555 658 1601 noro
680 1535 848 1620 imperio,
875 1535 971 1618 quod
992 1555 1146 1620 prorsas
1168 1537 1373 1602 immutatis
1401 1539 1571 1622 superio-

402 1663 476 1709 rum
504 1652 706 1725 tomporum
733 1639 866 1706 studiis
896 1640 1042 1704 tuendis
1065 1641 1188 1724 potios
1211 1660 1316 1725 qnam
1338 1641 1572 1727 proferendis

403 1747 540 1813 linibus
562 1747 714 1830 gloriam
736 1745 896 1830 petebat.
917 1744 1114 1828 lanamque
1135 1745 1315 1811 clausisse
1334 1745 1572 1811 maximorum

402 1852 669 1935 triumphorum
691 1849 808 1916 instar
828 1848 998 1928 hahebat,
1019 1869 1124 1934 qoam
1144 1849 1225 1916 lene
1246 1849 1339 1916 illul
1355 1850 1571 1916 Graecorum

401 1975 549 2030 nomen,
571 1955 674 2019 ruins
696 1975 735 2019 ea
756 1954 989 2039 potissimum
1012 1953 1129 2018 virtus
1150 1964 1243 2032 erat,
1270 1965 1309 2020 nt
1330 1955 1450 2022 omnia
1471 1964 1572 2020 reato

403 2069 688 2145 temperamento
710 2067 960 2142 componeret,
980 2076 1175 2142 moresque
1196 2069 1304 2125 nanto
1322 2061 1498 2144 pacisque
1512 2077 1572 2124 ar·

402 2165 500 2232 tibus
521 2162 705 2228 emolliret
725 2174 761 2228 et
781 2164 825 2229 ad
846 2163 979 2227 bonam
1001 2165 1140 2244 [ragom
1160 2163 1353 2248 redigeret

486 2267 584 2334 sol».
600 2265 851 2352 Gryphisnsldiae
865 2267 909 2333 ld.
924 2265 992 2331 ilai.
1007 2263 1201 2332 unocavt
