3792 5609
947 661 1010 727 320

397 845 516 930 opinio,
534 845 653 922 lonem,
672 843 726 910 obs
746 863 806 928 quo
822 864 934 912 nomon
952 849 1061 914 lenum
1080 859 1181 914 ortum
1198 859 1291 929 esset,
1309 851 1453 936 Apollinis
1472 852 1565 918 Alium

335 963 367 1017 ὗ
396 949 491 1013 luisse
504 966 521 1011 e
535 949 659 1024 Crousu,
674 947 761 1010 Attici
776 947 853 1030 rogis
867 948 1023 1015 Erechthei
1037 951 1109 1027 lilio,
1122 958 1369 1034 procreetuml),
1383 973 1565 1037 quemquam

396 1050 445 1116 alil
459 1068 516 1134 pro
530 1048 664 1133 Apolline
679 1049 811 1113 llutlmm
826 1051 1029 1128 nominabant,
1043 1053 1172 1117 llollenis
1187 1054 1290 1119 lilium.
1314 1055 1368 1120 Est
1383 1065 1481 1120 umen
1491 1057 1567 1120 lmee

396 1153 528 1218 nominis
548 1153 643 1236 mogis
666 1172 755 1236 quom
775 1153 817 1217 rui
836 1153 930 1238 ipsius
950 1155 1119 1239 diuersitas,
1139 1157 1287 1240 siquidem
1306 1159 1433 1224 ‹lubitmi
1452 1161 1565 1242 nequit,

396 1255 528 1320 Xuthum
544 1276 576 1320 re
590 1276 657 1320 vero
672 1255 743 1321 nillil
759 1257 918 1322 attinuisse
933 1278 1024 1341 quom
1037 1259 1182 1342 Apollinis
1198 1272 1444 1342 cognomentum,
1463 1263 1566 1326 itidem

289 1401 292 1406 ι
395 1367 432 1423 ιιι
444 1353 595 1440 Soluto,
615 1359 743 1424 llollenis
759 1369 858 1425 nutum
872 1361 954 1426 ltune
968 1361 1060 1426 Alium
1074 1362 1186 1427 dietum
1201 1383 1269 1428 esso
1283 1374 1406 1448 proptu·
1420 1375 1566 1430 notustom

396 1463 536 1529 llollenioi
550 1463 706 1530 uuiustlom
721 1465 824 1548 populi
838 1464 1014 1530 memorium
1028 1483 1046 1529 u
1060 1465 1229 1543 tuentia,
1248 1467 1455 1550 antiquissimo
1469 1469 1566 1533 llo-lle·

395 1567 481 1632 nimo
495 1568 592 1652 pontis
606 1568 691 1646 selo,
705 1569 738 1632 in
752 1568 880 1633 Atticum
900 1568 971 1632 olim
990 1567 1114 1652 protecti
1134 1577 1165 1634 et
1183 1589 1252 1634 cum
1270 1569 1415 1654 indigenis
1433 1571 1566 1650 ionibus,

396 1670 447 1754 qui
462 1669 495 1736 in
509 1671 640 1754 Pelasgis
655 1671 831 1736 numerumli
846 1679 926 1748 sunl,
941 1669 1036 1737 ntuli.
1076 1671 1114 1736 lli
1128 1673 1208 1737 enim
1222 1673 1352 1738 olsenoo
1365 1693 1457 1758 quum
1474 1674 1566 1758 Apol·

395 1775 465 1842 linis
476 1775 605 1842 ultonimu
616 1775 745 1842 cultores
756 1784 856 1842 essent
867 1775 991 1860 ultusque
1001 1793 1086 1842 secto
1096 1795 1199 1842 secum
1210 1776 1242 1842 in
1251 1777 1379 1842 Alticmn
1389 1776 1567 1856 attulissent,

396 1879 533 1966 Apolline
547 1879 622 1947 duco
636 1881 760 1965 proiecti
774 1879 958 1959 eliminentur,
972 1900 1101 1966 moxque
1114 1880 1273 1948 obscurato
1288 1880 1401 1948 tattone
1414 1881 1566 1966 signitica-

399 1985 481 2050 tinno
495 2004 531 2050 ex
545 1985 592 2051 dei
606 1983 785 2070 cognomine
799 1985 889 2050 heros
903 1984 1021 2050 Xuthus
1037 1987 1132 2051 luctus
1147 1994 1204 2051 est.
1228 1985 1273 2051 Ex
1285 1985 1375 2051 huius
1389 2005 1482 2071 porro
1498 2006 1566 2051 eum

398 2088 487 2154 Attici
502 2089 579 2172 rogis
594 2089 653 2154 filiu
667 2089 805 2172 coningio
820 2097 855 2154 ut
869 2097 968 2152 ortum
982 2089 1087 2153 Ionem
1100 2108 1168 2154 esse
1185 2089 1389 2174 perhiberent,
1406 2099 1566 2176 propterea

401 2195 511 2259 loetum
525 2203 585 2271 est,
604 2193 685 2276 quoti
699 2192 816 2258 lonioee
830 2191 1016 2274 migrationis
1031 2193 1111 2269 eius,
1131 2211 1206 2276 quoe
1224 2193 1355 2277 plinium
1374 2214 1410 2258 ex
1424 2195 1519 2259 Attico
1534 2194 1565 2258 in

399 2296 576 2380 Aegialo-ml,
595 2315 733 2381 tuosque,
752 2315 846 2380 qumn
865 2295 936 2360 ltine
954 2295 1042 2359 lones
1060 2295 1098 2360 olo
1116 2295 1241 2360 Aelmeis
1260 2297 1364 2362 eodone
1383 2307 1567 2379 cogerentur,

399 2418 506 2465 rursus
521 2400 551 2464 in
565 2400 690 2464 Atticum
705 2409 793 2484 utque
807 2399 879 2463 hine
892 2399 922 2462 in
936 2398 1044 2482 Angoei
1058 2399 1152 2464 utonis
1166 2399 1278 2465 insulas
1293 2409 1324 2464 et
1337 2400 1426 2464 Asine
1440 2401 1566 2465 minoris

399 2501 499 2567 littora
513 2521 673 2586 progressu
688 2511 743 2580 ost,
759 2501 840 2566 initio
855 2519 1020 2582 musasque
1033 2501 1071 2566 ub
1084 2502 1133 2566 illo
1148 2501 1240 2567 liutlni
1253 2512 1285 2566 ot
1297 2502 1453 2568 llollenum
1467 2503 1498 2566 in
1512 2504 1566 2568 At·

401 2606 489 2670 ticum
504 2607 632 2672 ulsontu
646 2617 676 2672 et
690 2625 758 2671 cum
773 2604 879 2689 priscis
895 2605 1000 2670 ineolis
1015 2603 1225 2668 coniunctione
1241 2606 1419 2689 repetendos
1437 2625 1505 2670 esso
1518 2605 1565 2668 in·

400 2707 580 2792 tolligolmnt,
599 2710 711 2794 quippo
730 2729 799 2776 oum
818 2717 920 2773 nuotoo
940 2707 985 2772 sio
1001 2707 1158 2772 hominum
1175 2707 1356 2773 multitudini
1375 2708 1469 2773 Attico
1488 2719 1567 2774 terra

399 2829 461 2877 non
476 2814 634 2878 sulllcorot.
679 2815 717 2878 tlt
735 2813 923 2878 nnmilostum
939 2819 999 2889 ost,
1013 2811 1052 2875 olo
1068 2811 1117 2876 illo
1131 2811 1223 2876 xum
1238 2831 1263 2876 s.
1278 2812 1423 2897 Apollinis
1438 2812 1498 2878 lilio
1513 2833 1566 2878 oo·

399 2935 467 2982 rum
483 2925 597 3005 tuntum
613 2917 718 2981 lunum
734 2933 845 2981 nomon
859 2915 961 3000 repeti·
972 2914 1123 2998 potuisse,
1142 2915 1193 3000 qui
1215 2924 1286 3001 post
1303 2917 1382 2982 hune
1398 2917 1567 3002 prisoomm
1610 3003 1613 3009 1

397 3020 563 3085 Atticorum
578 3039 647 3085 cum
659 3019 814 3085 llolleninis
826 3017 945 3086 nulsonis
961 3017 1202 3084 coniunctionem
1215 3020 1384 3100 extiterunt,
1397 3031 1427 3086 et
1437 3039 1567 3104 quorum

398 3125 552 3190 olmmlons
573 3123 731 3188 multitmlo
750 3123 782 3187 in
802 3121 968 3204 Angittlenm
986 3140 1022 3186 uo
1038 3131 1142 3206 posteo
1161 3121 1192 3186 in
1206 3124 1307 3188 Asinm
1322 3125 1493 3207 insulasque
1507 3124 1565 3188 mi·

398 3228 500 3310 glunit,
515 3247 612 3311 nequo
627 3237 726 3291 notum
742 3227 819 3290 illem
833 3225 871 3288 tle
887 3225 996 3288 luorum
1010 3243 1159 3309 oponpmo
1173 3226 1246 3291 lone
1256 3226 1384 3293 lubulum
1396 3227 1480 3312 purius
1491 3247 1567 3304 esso,

398 3351 488 3417 quom
502 3351 596 3418 quum
610 3332 680 3398 nullli
695 3329 822 3416 ottnplius
837 3340 956 3418 plu-nutet·
969 3329 1083 3393 Atticos
1098 3349 1211 3412 elinque
1224 3329 1274 3414 qui
1288 3350 1325 3396 ex
1338 3330 1433 3396 Allien
1447 3331 1566 3395 oriutnlli

399 3437 595 3504 coenolentus
613 3436 764 3504 nummosi
783 3435 813 3502 iu
834 3435 957 3502 lonilnts
975 3433 1113 3500 solomnt.
1158 3433 1336 3500 Aueiolnnt
1353 3435 1433 3500 onim
1453 3435 1568 3500 lobuloo

399 3553 551 3620 unctores,
566 3551 630 3620 out,
644 3541 671 3607 si
686 3560 749 3607 non
764 3540 951 3616 nesciebant,
965 3538 1039 3603 nillil
1053 3547 1131 3603 uento
1145 3537 1303 3615 curulium,
1321 3539 1428 3604 lunum
1449 3547 1567 3623 gentem

399 3647 539 3710 lnlmloso
559 3645 617 3710 isto
636 3665 784 3730 oponq'mo
804 3647 891 3726 longe
910 3641 1108 3726 antiquiorem
1131 3641 1279 3726 latinusque
1301 3644 1373 3708 olim
1392 3662 1455 3707 non
1474 3643 1567 3707 niodo
1626 3707 1629 3714 ,

402 3749 431 3811 in
447 3749 566 3812 Genesin
580 3749 634 3814 sul
653 3749 742 3814 etium
761 3747 792 3812 in
809 3747 879 3812 Asin
900 3746 1064 3830 insulisque
1082 3745 1221 3810 ‹liliusom
1241 3747 1348 3822 luisse,
1368 3747 1452 3812 euius
1471 3747 1567 3828 gentis

401 3851 563 3916 nominali
578 3853 626 3916 illo
642 3852 732 3916 xuni
747 3853 807 3916 ulio
822 3849 916 3934 repeti
935 3850 1018 3916 nullo
1037 3849 1129 3913 mollo
1148 3850 1261 3931 potuit,
1281 3850 1452 3914 lunebontus
1468 3859 1567 3915 nutem

401 3953 449 4016 ulii
464 3955 590 4018 lontnsso
604 3955 756 4040 oponqmi,
770 3973 898 4038 iptorum
915 3961 1012 4015 tonum
1027 3951 1057 4014 in
1073 3950 1121 4013 inis
1136 3970 1210 4032 quus
1224 3950 1315 4016 nouis
1327 3952 1466 4015 novimus
1480 3951 1567 4016 lobu-

400 4053 437 4118 lis
452 4055 529 4119 nulla
543 4057 615 4119 sutis
630 4069 709 4120 certo
724 4057 845 4138 uestigio
859 4052 1057 4120 ‹lemonslmri
1072 4062 1211 4136 possunt.

486 4156 576 4232 llooe,
588 4157 656 4222 lieot
669 4157 727 4223 inm
741 4158 807 4223 olibi
819 4157 986 4222 accuratius
998 4179 1016 4220 a
1026 4155 1114 4220 nobis
1126 4157 1275 4238 ‹lisputotn
1284 4155 1347 4219 siut
1355 4159 1394 4234 1),
1404 4154 1567 4238 repetunda

364 4271 382 4322 u
403 4266 503 4324 tatum
515 4259 576 4324 hou
586 4259 653 4324 loeo
668 4261 796 4337 luerunt,
811 4259 953 4345 quonium
968 4261 1066 4324 luoere
1079 4257 1187 4342 aliquid
1198 4277 1291 4342 posse
1300 4256 1438 4323 uiolentur
1448 4257 1485 4321 nd
1496 4275 1566 4340 per·

402 4412 610 4426 -u——o—
618 4413 703 4428 ...ά

471 4529 497 4596 o)
509 4531 549 4585 ct.
567 4531 653 4587 Sehol.
669 4532 749 4586 Arist.
765 4531 832 4587 Aut.
849 4549 875 4588 ν.
892 4532 967 4588 1458.
992 4534 1057 4587 Am.
1075 4529 1150 4586 tntu.
1175 4530 1324 4600 tlarpoene
1347 4545 1370 4583 s.
1386 4545 1413 4584 v.
1423 4522 1568 4584 :ludu-e

402 4617 544 4689 suppleo.
579 4617 643 4672 ω.
654 4617 760 4684 Sequor.
772 4635 797 4688 p.
808 4620 904 4688 ml,
927 4618 1129 4673 solennitatis
1141 4631 1166 4686 p.
1178 4617 1220 4671 28.
1238 4615 1296 4673 ult.
1308 4615 1493 4685 utique-utu.

468 4701 536 4772 '011
546 4702 737 4760 nntmtvem.
749 4703 780 4758 tle
791 4701 901 4776 ionibus,
913 4723 938 4776 p.
950 4704 1044 4761 i-ll.
1057 4703 1222 4772 [tlt-toul
