3792 5609
923 773 1118 874 ...eu-

441 963 586 1030 Sebattas
606 973 636 1026 st
649 964 838 1029 llarltlandus
853 965 912 1029 boe
925 966 992 1029 loro
1007 985 1063 1050 pm
1077 961 1155 1044 τοῦς
1168 960 1374 1053 στρατιώτας
1386 969 1610 1034 rescribendum
1639 991 1646 1014 ¹
1677 983 1681 992 ’

440 1079 564 1133 eruant
583 1064 662 1146 τοίς
684 1063 887 1158 στρατηγούς
905 1080 956 1134 arrt
974 1066 1053 1148 τοῦς
1072 1067 1346 1160 στρατηγοῦντας,
1371 1073 1477 1138 merita
1498 1075 1612 1157 respuit

438 1172 566 1238 lle-ierus
590 1181 708 1247 tantae,
730 1173 856 1238 debon.
876 1175 1005 1239 stanna
1022 1195 1052 1260 p.
1072 1176 1141 1240 ill.
1170 1177 1293 1258 Strategi
1309 1178 1387 1242 enim
1404 1178 1434 1241 in
1449 1179 1497 1242 bis
1512 1179 1611 1243 ettttsis

439 1268 619 1362 ἡγεμονίαν
632 1273 692 1341 τοῦ
708 1270 925 1366 δικαστηρίου
940 1301 966 1342 s.
982 1279 1217 1346 iurisdictionem
1233 1283 1393 1355 habebant.
1413 1302 1509 1365 neque
1523 1284 1612 1366 igitur

440 1381 500 1462 ipsi
521 1381 661 1457 indicam,
686 1376 853 1462 δικάζειν,
874 1393 1020 1466 poterant.
1047 1385 1099 1460 Et,
1115 1405 1175 1468 qun
1191 1387 1286 1467 nangis
1301 1386 1418 1450 mitaris
1434 1387 1520 1451 istam
1537 1407 1611 1451 eon·

440 1484 593 1560 ieetruam,
605 1485 635 1547 in
647 1485 704 1549 bac
715 1485 779 1568 ipsa
794 1487 928 1550 oratione
940 1488 1120 1562 etiamtum,
1133 1489 1612 1571 quaebauoexcipiuntultislaeis

440 1588 629 1671 apertissime
646 1584 827 1677 στρατηγοὶ
843 1613 860 1654 a
877 1586 1057 1668 δικασταῖς
1073 1592 1310 1672 distinguuntur,
1333 1591 1479 1672 imprimis
1496 1613 1526 1675 p.
1541 1595 1613 1669 557,

441 1694 591 1757 arandae
606 1693 751 1757 orationis
766 1693 865 1757 initio:
896 1686 980 1779 ’Eysd
994 1691 1067 1777 μὲν,
1089 1681 1116 1757 ὦ
1132 1684 1248 1779 ἄνδρες
1263 1687 1435 1772 δικασταί,
1455 1687 1514 1757 καὶ
1528 1685 1615 1777 ὑμᾶς

440 1789 601 1879 αἰτοῦμαι
621 1792 666 1862 τὰ
690 1790 810 1861 δίκαια
827 1790 1067 1885 ψηφίσασθαι,
1094 1792 1151 1862 καὶ
1176 1795 1244 1862 τῶν
1266 1793 1457 1884 στρατηγῶν
1476 1792 1611 1881 δέομαι,

441 1894 522 1966 ἐπεὶ
540 1894 599 1965 καὶ
618 1896 653 1966 ἐν
671 1897 713 1988 τῇ
734 1891 819 1990 ἄλλῃ
840 1893 924 1990 ἀρχῇ
944 1899 1071 1967 πολλοῦ
1086 1893 1177 1981 ἄξιοι
1194 1899 1235 1990 τῇ
1251 1895 1350 1966 πόλει
1367 1894 1535 1984 γεγόνασι,
1555 1898 1615 1967 καὶ

442 1999 523 2089 περὶ
546 2007 613 2068 τῶν
635 2002 696 2092 τῆς
720 1995 920 2090 ἀστρατείας
939 2009 1076 2096 γραφῶν
1094 2002 1225 2082 aureole
1245 1992 1330 2070 clean
1349 2001 1437 2089 τῷτε
1456 1999 1614 2072 διώκοντι

444 2103 502 2174 καὶ
517 2106 567 2196 τῷ
582 2102 751 2200 ascalpens.
775 2111 862 2195 dupli
878 2112 926 2175 bie
936 2113 1020 2177 laras
1033 2111 1120 2174 rtiam
1133 2109 1303 2174 blarblaado
1315 2111 1489 2192 semipullati
1503 2109 1615 2187 iniecit3

444 2217 562 2296 spuaerlt
579 2214 674 2280 enarr:
702 2216 859 2292 ..Quinam
879 2227 950 2282 sunt
970 2215 999 2281 bi
1021 2207 1137 2302 ἄνδρες
1154 2205 1325 2294 δικασταί,
1347 2213 1469 2290 ludices,
1489 2215 1614 2298 spritum

444 2319 523 2382 clare
537 2319 763 2402 distinguuntur
778 2343 794 2384 a
810 2320 990 2404 strategisi“
1015 2323 1075 2386 Sed
1092 2321 1225 2404 pessime
1239 2320 1414 2401 respondet:
1439 2319 1503 2395 ,‚lli‚
1517 2320 1569 2403 qui
1585 2320 1615 2382 iu

445 2422 502 2485 bae
513 2444 603 2486 eausa
614 2423 756 2487 sedebant
771 2425 893 2498 iudiees.
907 2435 936 2487 et
951 2445 1079 2507 uuonan
1093 2425 1241 2506 perleges
1256 2433 1317 2486 erat
1329 2422 1501 2498 iurisdictio,
1518 2423 1615 2504 (qnasi

445 2545 515 2588 ιιτο
531 2528 656 2590 indicens
670 2530 770 2591 sedere
785 2537 814 2591 et
828 2529 1059 2592 iurisdictionem
1073 2528 1181 2591 ludere
1201 2527 1279 2590 idem
1299 2525 1369 2605 sin)
1393 2526 1512 2608 strategi
1533 2539 1617 2590 erant

444 2629 514 2692 sani
536 2631 697 2706 merentis,
716 2641 807 2713 parant
820 2631 985 2713 loquimur:
1006 2631 1054 2694 isti
1070 2631 1152 2694 alteri
1167 2650 1235 2692 vero
1256 2627 1390 2710 strategi,
1411 2629 1461 2711 qni
1476 2630 1615 2693 Alcibiadi

447 2731 476 2793 in
493 2733 550 2796 bae
563 2755 652 2798 eausa
664 2736 810 2808 lambant,
825 2743 855 2797 et
865 2735 916 2815 epti
928 2734 1153 2816 distinguuntur
1164 2753 1180 2796 a
1193 2732 1353 2805 iadicilms.
1368 2733 1486 2813 strategi
1499 2734 1617 2795 luerunt

447 2833 535 2899 istius
551 2838 637 2914 anai,
658 2838 688 2900 in
703 2857 764 2920 qno
780 2839 839 2901 boe
852 2838 964 2902 crimen
980 2839 1139 2902 admiserat
1154 2837 1346 2901 bleiltiatles.“
1378 2835 1443 2899 llee
1458 2856 1545 2916 qaam
1563 2837 1616 2899 lal-

395 2952 426 3004 ³t
449 2958 519 3002 suut
539 2941 591 3014 sit,
611 2941 707 3024 quiris
726 2941 880 3022 intelliget.
901 2941 952 3024 qui
968 2944 1011 3004 vel
1026 2941 1178 3024 proximas
1194 2940 1315 3022 paginas
1331 2949 1438 3002 attente
1453 2939 1616 3022 perlegerit,

448 3044 596 3125 equibus
626 3044 816 3108 ntanilestum
833 3046 886 3119 sit,
913 3048 970 3109 bns
995 3045 1078 3128 ipsas
1099 3053 1260 3123 strategos,
1288 3061 1417 3124 sputorum
1442 3041 1617 3122 aequitatem

448 3156 553 3210 orator
572 3147 724 3230 implorat,
745 3167 808 3211 aon
828 3150 987 3212 advocatos
1002 3147 1162 3212 Alcibiadis
1182 3167 1263 3220 esse,
1284 3147 1336 3208 sed
1353 3145 1450 3208 ludicii
1467 3145 1617 3228 praesides

447 3271 483 3314 ac
507 3253 729 3328 susurratores,
761 3271 856 3335 napae
883 3253 972 3334 igitur
995 3270 1118 3315 ntuaere
1142 3247 1264 3319 abiisse,
1296 3250 1348 3312 sed
1373 3269 1466 3330 quum
1492 3248 1618 3311 trtaxime

447 3353 540 3434 iungi.
574 3354 682 3418 Otanls
697 3355 777 3419 eninr
793 3356 921 3419 oratoris
936 3355 1153 3438 argumentatio
1168 3355 1197 3415 in
1213 3373 1248 3413 en
1264 3362 1408 3422 versatur,
1424 3363 1456 3415 ut
1472 3354 1618 3420 ostendat.

447 3479 538 3541 quam
555 3457 688 3540 iniquum
704 3459 752 3535 sit,
772 3479 835 3534 ens,
858 3460 909 3542 qui
924 3461 1032 3524 iudicia
1049 3456 1191 3540 praesint,
1208 3457 1417 3519 alliorataram
1433 3466 1462 3518 et
1477 3457 1618 3538 ‹lepreca-

448 3573 548 3626 torum
564 3581 723 3645 ptersonam
739 3563 902 3648 suscipere,
917 3565 947 3628 id
960 3565 1039 3647 quud
1056 3581 1136 3626 tritae
1150 3561 1198 3623 isti
1210 3561 1328 3623 lat-iant.
1351 3561 1460 3623 Contra
1472 3560 1618 3623 llatblan·

448 3668 521 3730 dam
549 3665 638 3746 iglttn·
662 3665 700 3729 illi
726 3670 932 3750 στρατιῶται
957 3671 1055 3734 locum
1081 3685 1170 3730 suum
1191 3663 1275 3727 lacile
1295 3674 1430 3738 tuentum
1456 3663 1617 3728 sedetiam

449 3769 549 3836 lleieri
568 3769 797 3847 eurmdlmnnn,
816 3772 872 3838 etsi
893 3773 1064 3838 dubitanter
1084 3768 1284 3856 propositam,
1306 3759 1337 3832 ni
1358 3760 1618 3853 ἐστραιιικιὶτις,

450 3884 514 3955 taut
526 3867 790 3959 ἐστρατευμένοι,
806 3897 882 3960 qnae
898 3880 993 3945 lerata
1010 3877 1146 3944 usitatior
1160 3887 1206 3940 est
1218 3875 1297 3957 apml
1314 3873 1459 3952 Atticam)
1476 3892 1618 3959 suprrra·

449 3999 571 4043 raneaar
586 3999 655 4042 esse
668 3979 805 4045 arbitror.
829 3985 941 4061 Quidni
957 3985 1036 4050 enim
1052 3977 1256 4069 στρατιῶται
1271 3987 1407 4050 dicamur
1421 4003 1483 4048 nau
1499 3984 1618 4066 quidem

451 4081 481 4145 in
496 4084 668 4152 universum
683 4090 714 4164 ii,
730 4091 780 4173 qai
795 4090 952 4173 aliquando
965 4089 1111 4173 stipendia
1124 4090 1266 4162 leserunt,
1283 4109 1373 4172 quent
1385 4107 1507 4152 sensum
1518 4088 1618 4152 nescio

452 4206 505 4249 ear
523 4187 650 4252 lleients
669 4201 775 4256 nostro
794 4195 861 4257 loca
880 4193 1025 4274 requirat,
1045 4192 1096 4254 sed
1116 4191 1151 4267 ii,
1173 4192 1223 4273 qui
1244 4201 1315 4255 tnnc
1328 4191 1505 4263 militabant,
1527 4210 1619 4273 spuum

453 4287 509 4352 ista
524 4289 630 4354 delicta
645 4294 915 4369 eanrmitterentar,
931 4294 1092 4377 «inquibus
1109 4293 1248 4357 iudicium
1264 4293 1434 4356 babendum
1450 4289 1520 4354 eat
1542 4291 1621 4355 llaec

452 4392 606 4473 expatiantis
626 4395 837 4461 verisimillima
857 4397 931 4460 mibi
949 4397 1077 4474 videtur,
1103 4397 1133 4461 in
1153 4397 1201 4460 illo
1222 4396 1394 4478 praesertim
1414 4404 1568 4470 maleum
1592 4404 1621 4458 et

453 4493 586 4558 similiter
604 4496 692 4561 etiam
711 4499 789 4582 apud
810 4501 962 4564 llemotdb.
978 4519 1022 4577 ar.
1039 4501 1068 4564 ln
1084 4501 1191 4583 ratpot.
1208 4519 1236 4582 p.
1256 4499 1338 4563 tltttt
1349 4508 1422 4562 extr.
1439 4497 1550 4562 ludices
1566 4518 1619 4579 ap-

454 4597 615 4679 pellantur:
641 4591 718 4664 ὅσοι
737 4596 797 4683 μὲι
814 4603 880 4666 τῶν
897 4599 1110 4689 στρατιωτῶν
1127 4595 1218 4668 ἐστι’
1237 4595 1295 4666 καὶ
1316 4597 1446 4688 παρῆτε
1465 4593 1549 4680 ἐκεῖ,
1569 4599 1619 4662 ubi

454 4695 657 4782 στρατιῶται
676 4721 739 4766 noa
758 4703 804 4768 stit
820 4714 903 4782 sunt,
925 4727 1014 4788 quarn
1029 4717 1135 4772 nostra
1150 4706 1231 4781 toea,
1253 4705 1272 4769 ii
1293 4705 1450 4782 nimirum
1471 4703 1522 4787 qul
1542 4701 1620 4766 mili·

455 4813 556 4869 tarum
573 4802 623 4868 illu
640 4803 732 4884 bello,
757 4805 789 4871 in
808 4827 868 4891 que
888 4808 1027 4876 iniuriam
1046 4809 1136 4876 sibia
1153 4809 1269 4894 Polpale
1284 4810 1390 4874 laetam
1406 4805 1621 4892 assequentur
