<?xml version="1.0" encoding="UTF-8"?>
<!DOCTYPE html PUBLIC "-//W3C//DTD XHTML 1.0 Transitional//EN"
    "http://www.w3.org/TR/xhtml1/DTD/xhtml1-transitional.dtd">
<html xmlns="http://www.w3.org/1999/xhtml" xml:lang="en" lang="en">
 <head>
  <title>
</title>
<meta http-equiv="Content-Type" content="text/html;charset=utf-8" />
  <meta name='ocr-system' content='tesseract 3.04.00' />
  <meta name='ocr-capabilities' content='ocr_page ocr_carea ocr_par ocr_line ocrx_word'/>
</head>
<body>
  <div class='ocr_page' id='page_1' title='image "./opusculaacademi02schgoog_0119.png"; bbox 0 0 3792 5609; ppageno 0'>
   <div class='ocr_carea' id='block_1_1' title="bbox 934 752 1134 850">
    <p class='ocr_par' dir='ltr' id='par_1_1' title="bbox 934 752 1134 850">
     <span class='ocr_line' id='line_1_1' title="bbox 934 752 1134 850; baseline 0.015 -3"><span class='ocrx_word' id='word_1_1' title='bbox 934 752 1134 850; x_wconf 65' lang='lat' dir='ltr'><strong>..PL</strong></span> 
     </span>
    </p>
   </div>
   <div class='ocr_carea' id='block_1_2' title="bbox 409 928 1622 2883">
    <p class='ocr_par' dir='ltr' id='par_1_2' title="bbox 409 928 1622 2883">
     <span class='ocr_line' id='line_1_2' title="bbox 431 928 1613 1021; baseline 0.005 -16"><span class='ocrx_word' id='word_1_2' title='bbox 431 942 539 1005; x_wconf 73' lang='lat' dir='ltr'><strong>Nam</strong></span> <span class='ocrx_word' id='word_1_3' title='bbox 552 942 673 1021; x_wconf 76' lang='lat' dir='ltr'><strong>quamvis</strong></span> <span class='ocrx_word' id='word_1_4' title='bbox 693 941 778 1003; x_wconf 94' lang='lat' dir='ltr'><strong>multi</strong></span> <span class='ocrx_word' id='word_1_5' title='bbox 798 941 867 1014; x_wconf 87' lang='lat' dir='ltr'><strong>sint,</strong></span> <span class='ocrx_word' id='word_1_6' title='bbox 890 940 940 1021; x_wconf 92' lang='lat' dir='ltr'><strong>qui</strong></span> <span class='ocrx_word' id='word_1_7' title='bbox 966 938 995 1001; x_wconf 90' lang='lat' dir='ltr'><strong>in</strong></span> <span class='ocrx_word' id='word_1_8' title='bbox 1017 928 1188 1021; x_wconf 76' lang='lat' dir='ltr'><strong>suffragium</strong></span> <span class='ocrx_word' id='word_1_9' title='bbox 1209 951 1291 1015; x_wconf 84' lang='lat' dir='ltr'><strong>eant,</strong></span> <span class='ocrx_word' id='word_1_10' title='bbox 1317 954 1414 1009; x_wconf 87' lang='lat' dir='ltr'><strong>tamen</strong></span> <span class='ocrx_word' id='word_1_11' title='bbox 1435 946 1461 1009; x_wconf 88' lang='lat' dir='ltr'><strong>si</strong></span> <span class='ocrx_word' id='word_1_12' title='bbox 1483 949 1557 1011; x_wconf 78' lang='grc' dir='ltr'><strong>[οπο</strong></span> <span class='ocrx_word' id='word_1_13' title='bbox 1576 950 1613 1013; x_wconf 83' lang='lat' dir='ltr'><strong>acl</strong></span> 
     </span>
     <span class='ocr_line' id='line_1_3' title="bbox 438 1042 1614 1133; baseline 0.01 -32"><span class='ocrx_word' id='word_1_14' title='bbox 438 1044 598 1125; x_wconf 75' lang='lat' dir='ltr'><strong>populum</strong></span> <span class='ocrx_word' id='word_1_15' title='bbox 612 1062 669 1105; x_wconf 90' lang='lat' dir='ltr'><strong>non</strong></span> <span class='ocrx_word' id='word_1_16' title='bbox 684 1044 752 1105; x_wconf 87' lang='lat' dir='ltr'><strong>licet</strong></span> <span class='ocrx_word' id='word_1_17' title='bbox 766 1042 824 1105; x_wconf 90' lang='lat' dir='ltr'><strong>nisi</strong></span> <span class='ocrx_word' id='word_1_18' title='bbox 836 1061 871 1103; x_wconf 84' lang='lat' dir='ltr'><strong>ex</strong></span> <span class='ocrx_word' id='word_1_19' title='bbox 883 1042 1056 1105; x_wconf 84' lang='lat' dir='ltr'><strong>auctoritate</strong></span> <span class='ocrx_word' id='word_1_20' title='bbox 1068 1060 1242 1123; x_wconf 82' lang='lat' dir='ltr'><strong>paucorum.</strong></span> <span class='ocrx_word' id='word_1_21' title='bbox 1258 1063 1355 1128; x_wconf 88' lang='lat' dir='ltr'><strong>neque</strong></span> <span class='ocrx_word' id='word_1_22' title='bbox 1368 1049 1456 1112; x_wconf 83' lang='lat' dir='ltr'><strong>rerha</strong></span> <span class='ocrx_word' id='word_1_23' title='bbox 1467 1050 1503 1113; x_wconf 86' lang='lat' dir='ltr'><strong>ad</strong></span> <span class='ocrx_word' id='word_1_24' title='bbox 1516 1070 1614 1133; x_wconf 87' lang='lat' dir='ltr'><strong>popu·</strong></span> 
     </span>
     <span class='ocr_line' id='line_1_4' title="bbox 440 1142 1615 1233; baseline 0.006 -26"><span class='ocrx_word' id='word_1_25' title='bbox 440 1147 523 1207; x_wconf 79' lang='lat' dir='ltr'><strong>lusu</strong></span> <span class='ocrx_word' id='word_1_26' title='bbox 541 1146 628 1207; x_wconf 79' lang='lat' dir='ltr'><strong>lacere</strong></span> <span class='ocrx_word' id='word_1_27' title='bbox 645 1143 703 1206; x_wconf 87' lang='lat' dir='ltr'><strong>nisi</strong></span> <span class='ocrx_word' id='word_1_28' title='bbox 722 1144 774 1225; x_wconf 90' lang='lat' dir='ltr'><strong>qui</strong></span> <span class='ocrx_word' id='word_1_29' title='bbox 791 1142 834 1205; x_wconf 78' lang='lat' dir='ltr'><strong>rel</strong></span> <span class='ocrx_word' id='word_1_30' title='bbox 850 1145 1039 1223; x_wconf 76' lang='lat' dir='ltr'><strong>magistratus</strong></span> <span class='ocrx_word' id='word_1_31' title='bbox 1055 1142 1098 1205; x_wconf 86' lang='lat' dir='ltr'><strong>rel</strong></span> <span class='ocrx_word' id='word_1_32' title='bbox 1114 1152 1267 1208; x_wconf 76' lang='lat' dir='ltr'><strong>senatores</strong></span> <span class='ocrx_word' id='word_1_33' title='bbox 1283 1148 1326 1209; x_wconf 85' lang='lat' dir='ltr'><strong>rel</strong></span> <span class='ocrx_word' id='word_1_34' title='bbox 1341 1148 1468 1229; x_wconf 76' lang='lat' dir='ltr'><strong>«lenique</strong></span> <span class='ocrx_word' id='word_1_35' title='bbox 1484 1170 1517 1213; x_wconf 83' lang='lat' dir='ltr'><strong>ex</strong></span> <span class='ocrx_word' id='word_1_36' title='bbox 1536 1152 1615 1233; x_wconf 91' lang='lat' dir='ltr'><strong>opti·</strong></span> 
     </span>
     <span class='ocr_line' id='line_1_5' title="bbox 445 1237 1616 1332; baseline 0.008 -24"><span class='ocrx_word' id='word_1_37' title='bbox 445 1247 577 1309; x_wconf 87' lang='lat' dir='ltr'><strong>matium</strong></span> <span class='ocrx_word' id='word_1_38' title='bbox 591 1265 716 1310; x_wconf 84' lang='lat' dir='ltr'><strong>numero</strong></span> <span class='ocrx_word' id='word_1_39' title='bbox 731 1246 806 1318; x_wconf 82' lang='lat' dir='ltr'><strong>sint,</strong></span> <span class='ocrx_word' id='word_1_40' title='bbox 821 1240 861 1309; x_wconf 79' lang='grc' dir='ltr'><strong>τό</strong></span> <span class='ocrx_word' id='word_1_41' title='bbox 876 1238 990 1329; x_wconf 80' lang='grc' dir='ltr'><strong><em>κέριον</em></strong></span> <span class='ocrx_word' id='word_1_42' title='bbox 1003 1242 1062 1332; x_wconf 74' lang='grc' dir='ltr'><strong>τῆς</strong></span> <span class='ocrx_word' id='word_1_43' title='bbox 1076 1237 1253 1323; x_wconf 79' lang='grc' dir='ltr'><strong><em>πολιτείας</em></strong></span> <span class='ocrx_word' id='word_1_44' title='bbox 1268 1248 1299 1311; x_wconf 90' lang='lat' dir='ltr'><strong>in</strong></span> <span class='ocrx_word' id='word_1_45' title='bbox 1314 1248 1485 1315; x_wconf 87' lang='lat' dir='ltr'><strong>huiusmodi</strong></span> <span class='ocrx_word' id='word_1_46' title='bbox 1501 1252 1616 1317; x_wconf 77' lang='lat' dir='ltr'><strong>civitate</strong></span> 
     </span>
     <span class='ocr_line' id='line_1_6' title="bbox 447 1350 1617 1435; baseline 0.006 -22"><span class='ocrx_word' id='word_1_47' title='bbox 447 1368 520 1413; x_wconf 87' lang='lat' dir='ltr'><strong>non</strong></span> <span class='ocrx_word' id='word_1_48' title='bbox 533 1369 620 1432; x_wconf 78' lang='lat' dir='ltr'><strong>penes</strong></span> <span class='ocrx_word' id='word_1_49' title='bbox 634 1350 853 1413; x_wconf 81' lang='lat' dir='ltr'><strong>multitudinem</strong></span> <span class='ocrx_word' id='word_1_50' title='bbox 868 1350 920 1412; x_wconf 86' lang='lat' dir='ltr'><strong>sed</strong></span> <span class='ocrx_word' id='word_1_51' title='bbox 935 1368 1028 1432; x_wconf 91' lang='lat' dir='ltr'><strong>penes</strong></span> <span class='ocrx_word' id='word_1_52' title='bbox 1044 1366 1157 1431; x_wconf 89' lang='lat' dir='ltr'><strong>pauens</strong></span> <span class='ocrx_word' id='word_1_53' title='bbox 1173 1369 1240 1411; x_wconf 85' lang='lat' dir='ltr'><strong>esse</strong></span> <span class='ocrx_word' id='word_1_54' title='bbox 1256 1350 1399 1415; x_wconf 84' lang='lat' dir='ltr'><strong>dicemus.</strong></span> <span class='ocrx_word' id='word_1_55' title='bbox 1432 1352 1527 1435; x_wconf 78' lang='lat' dir='ltr'><strong>Atque</strong></span> <span class='ocrx_word' id='word_1_56' title='bbox 1543 1356 1617 1421; x_wconf 88' lang='lat' dir='ltr'><strong>haec</strong></span> 
     </span>
     <span class='ocr_line' id='line_1_7' title="bbox 451 1451 1615 1540; baseline 0.008 -27"><span class='ocrx_word' id='word_1_57' title='bbox 451 1454 541 1536; x_wconf 86' lang='lat' dir='ltr'><strong>plane</strong></span> <span class='ocrx_word' id='word_1_58' title='bbox 555 1454 607 1517; x_wconf 91' lang='lat' dir='ltr'><strong>luit</strong></span> <span class='ocrx_word' id='word_1_59' title='bbox 616 1453 918 1516; x_wconf 80' lang='lat' dir='ltr'><strong>Lacertaemoniorum</strong></span> <span class='ocrx_word' id='word_1_60' title='bbox 933 1451 976 1515; x_wconf 86' lang='lat' dir='ltr'><strong>rei</strong></span> <span class='ocrx_word' id='word_1_61' title='bbox 992 1452 1127 1534; x_wconf 89' lang='lat' dir='ltr'><strong>puhlirae</strong></span> <span class='ocrx_word' id='word_1_62' title='bbox 1141 1452 1227 1515; x_wconf 89' lang='lat' dir='ltr'><strong>ratio.</strong></span> <span class='ocrx_word' id='word_1_63' title='bbox 1260 1454 1406 1517; x_wconf 84' lang='lat' dir='ltr'><strong>Ferebant</strong></span> <span class='ocrx_word' id='word_1_64' title='bbox 1421 1456 1457 1519; x_wconf 90' lang='lat' dir='ltr'><strong>ad</strong></span> <span class='ocrx_word' id='word_1_65' title='bbox 1472 1458 1615 1540; x_wconf 90' lang='lat' dir='ltr'><strong>populum</strong></span> 
     </span>
     <span class='ocr_line' id='line_1_8' title="bbox 453 1546 1616 1642; baseline 0.003 -22"><span class='ocrx_word' id='word_1_66' title='bbox 453 1558 613 1640; x_wconf 76' lang='lat' dir='ltr'><strong>antiquitus</strong></span> <span class='ocrx_word' id='word_1_67' title='bbox 627 1576 711 1639; x_wconf 82' lang='lat' dir='ltr'><strong>reges</strong></span> <span class='ocrx_word' id='word_1_68' title='bbox 727 1556 935 1619; x_wconf 83' lang='lat' dir='ltr'><strong>tantummodo</strong></span> <span class='ocrx_word' id='word_1_69' title='bbox 950 1574 1018 1619; x_wconf 89' lang='lat' dir='ltr'><strong>euru</strong></span> <span class='ocrx_word' id='word_1_70' title='bbox 1035 1563 1156 1629; x_wconf 84' lang='lat' dir='ltr'><strong>senatu,</strong></span> <span class='ocrx_word' id='word_1_71' title='bbox 1176 1554 1227 1637; x_wconf 91' lang='lat' dir='ltr'><strong>qui</strong></span> <span class='ocrx_word' id='word_1_72' title='bbox 1243 1565 1399 1638; x_wconf 84' lang='lat' dir='ltr'><strong>prepterea</strong></span> <span class='ocrx_word' id='word_1_73' title='bbox 1415 1546 1527 1640; x_wconf 67' lang='grc' dir='ltr'><strong><em>ἄρχειν</em></strong></span> <span class='ocrx_word' id='word_1_74' title='bbox 1537 1560 1616 1642; x_wconf 79' lang='grc' dir='ltr'><strong><em>βοο-</em></strong></span> 
     </span>
     <span class='ocr_line' id='line_1_9' title="bbox 457 1657 1616 1747; baseline 0.003 -24"><span class='ocrx_word' id='word_1_75' title='bbox 457 1657 514 1747; x_wconf 71' lang='grc' dir='ltr'><strong>λῆς</strong></span> <span class='ocrx_word' id='word_1_76' title='bbox 526 1662 663 1726; x_wconf 85' lang='lat' dir='ltr'><strong>dicuutur</strong></span> <span class='ocrx_word' id='word_1_77' title='bbox 677 1658 796 1743; x_wconf 72' lang='lat' dir='ltr'><strong>Tyrtari</strong></span> <span class='ocrx_word' id='word_1_78' title='bbox 812 1660 948 1723; x_wconf 76' lang='lat' dir='ltr'><strong>versibus</strong></span> <span class='ocrx_word' id='word_1_79' title='bbox 961 1665 968 1703; x_wconf 87' lang='lat'>¹</span> <span class='ocrx_word' id='word_1_80' title='bbox 982 1662 1027 1737; x_wconf 74' lang='lat' dir='ltr'><strong>&#39;lt</strong></span> <span class='ocrx_word' id='word_1_81' title='bbox 1042 1668 1146 1742; x_wconf 85' lang='lat' dir='ltr'><strong>postea</strong></span> <span class='ocrx_word' id='word_1_82' title='bbox 1161 1658 1219 1723; x_wconf 87' lang='lat' dir='ltr'><strong>hoe</strong></span> <span class='ocrx_word' id='word_1_83' title='bbox 1234 1659 1281 1723; x_wconf 89' lang='lat' dir='ltr'><strong>ius</strong></span> <span class='ocrx_word' id='word_1_84' title='bbox 1296 1659 1416 1741; x_wconf 81' lang='lat' dir='ltr'><strong>ephoris</strong></span> <span class='ocrx_word' id='word_1_85' title='bbox 1429 1680 1549 1744; x_wconf 75' lang='lat' dir='ltr'><strong>equoque</strong></span> <span class='ocrx_word' id='word_1_86' title='bbox 1563 1664 1616 1727; x_wconf 81' lang='lat' dir='ltr'><strong>cla·</strong></span> 
     </span>
     <span class='ocr_line' id='line_1_10' title="bbox 409 1761 1617 1850; baseline 0 -19"><span class='ocrx_word' id='word_1_87' title='bbox 409 1778 434 1831; x_wconf 77' lang='lat'>8</span> <span class='ocrx_word' id='word_1_88' title='bbox 461 1775 519 1830; x_wconf 82' lang='lat' dir='ltr'><strong>turn</strong></span> <span class='ocrx_word' id='word_1_89' title='bbox 534 1774 594 1842; x_wconf 85' lang='lat' dir='ltr'><strong>est;</strong></span> <span class='ocrx_word' id='word_1_90' title='bbox 607 1766 720 1850; x_wconf 65' lang='lat' dir='ltr'><strong>pupulo</strong></span> <span class='ocrx_word' id='word_1_91' title='bbox 736 1772 836 1827; x_wconf 82' lang='lat' dir='ltr'><strong>autem</strong></span> <span class='ocrx_word' id='word_1_92' title='bbox 850 1781 947 1847; x_wconf 81' lang='lat' dir='ltr'><strong>neque</strong></span> <span class='ocrx_word' id='word_1_93' title='bbox 963 1763 1089 1827; x_wconf 85' lang='lat' dir='ltr'><strong>sciscere</strong></span> <span class='ocrx_word' id='word_1_94' title='bbox 1101 1761 1262 1845; x_wconf 76' lang='lat' dir='ltr'><strong>quidquam</strong></span> <span class='ocrx_word' id='word_1_95' title='bbox 1274 1762 1388 1838; x_wconf 86' lang='lat' dir='ltr'><strong>licebat,</strong></span> <span class='ocrx_word' id='word_1_96' title='bbox 1403 1764 1462 1828; x_wconf 89' lang='lat' dir='ltr'><strong>nisi</strong></span> <span class='ocrx_word' id='word_1_97' title='bbox 1474 1767 1555 1849; x_wconf 92' lang='lat' dir='ltr'><strong>quod</strong></span> <span class='ocrx_word' id='word_1_98' title='bbox 1566 1784 1617 1831; x_wconf 91' lang='lat' dir='ltr'><strong>ro·</strong></span> 
     </span>
     <span class='ocr_line' id='line_1_11' title="bbox 457 1866 1618 1955; baseline -0.003 -20"><span class='ocrx_word' id='word_1_99' title='bbox 457 1882 540 1955; x_wconf 74' lang='lat' dir='ltr'><strong>gatus</strong></span> <span class='ocrx_word' id='word_1_100' title='bbox 559 1872 596 1934; x_wconf 77' lang='lat' dir='ltr'><strong>ala</strong></span> <span class='ocrx_word' id='word_1_101' title='bbox 615 1870 671 1934; x_wconf 86' lang='lat' dir='ltr'><strong>illis</strong></span> <span class='ocrx_word' id='word_1_102' title='bbox 690 1878 785 1942; x_wconf 80' lang='lat' dir='ltr'><strong>esset,</strong></span> <span class='ocrx_word' id='word_1_103' title='bbox 804 1887 859 1931; x_wconf 87' lang='lat' dir='ltr'><strong>nee</strong></span> <span class='ocrx_word' id='word_1_104' title='bbox 878 1868 966 1931; x_wconf 89' lang='lat' dir='ltr'><strong>latam</strong></span> <span class='ocrx_word' id='word_1_105' title='bbox 987 1866 1023 1931; x_wconf 84' lang='grc' dir='ltr'><strong><em>οιΙ</em></strong></span> <span class='ocrx_word' id='word_1_106' title='bbox 1041 1888 1073 1929; x_wconf 90' lang='lat' dir='ltr'><strong>se</strong></span> <span class='ocrx_word' id='word_1_107' title='bbox 1088 1866 1273 1947; x_wconf 77' lang='lat' dir='ltr'><strong>rogationem</strong></span> <span class='ocrx_word' id='word_1_108' title='bbox 1289 1868 1439 1943; x_wconf 80' lang='lat' dir='ltr'><strong>addmdu,</strong></span> <span class='ocrx_word' id='word_1_109' title='bbox 1459 1869 1618 1943; x_wconf 74' lang='lat' dir='ltr'><strong>deluendo,</strong></span> 
     </span>
     <span class='ocr_line' id='line_1_12' title="bbox 457 1971 1618 2055; baseline -0.001 -17"><span class='ocrx_word' id='word_1_110' title='bbox 457 1974 638 2039; x_wconf 81' lang='lat' dir='ltr'><strong>immutando</strong></span> <span class='ocrx_word' id='word_1_111' title='bbox 653 1972 791 2035; x_wconf 86' lang='lat' dir='ltr'><strong>alterare:</strong></span> <span class='ocrx_word' id='word_1_112' title='bbox 806 1971 885 2055; x_wconf 85' lang='lat' dir='ltr'><strong>quod</strong></span> <span class='ocrx_word' id='word_1_113' title='bbox 901 1988 994 2053; x_wconf 89' lang='lat' dir='ltr'><strong>quum</strong></span> <span class='ocrx_word' id='word_1_114' title='bbox 1007 1978 1105 2033; x_wconf 77' lang='lat' dir='ltr'><strong>utnon</strong></span> <span class='ocrx_word' id='word_1_115' title='bbox 1117 1986 1333 2053; x_wconf 91' lang='lat' dir='ltr'><strong>nunnunquam</strong></span> <span class='ocrx_word' id='word_1_116' title='bbox 1346 1971 1454 2037; x_wconf 83' lang='lat' dir='ltr'><strong>laetum</strong></span> <span class='ocrx_word' id='word_1_117' title='bbox 1467 1984 1556 2049; x_wconf 82' lang='lat' dir='ltr'><strong>esset,</strong></span> <span class='ocrx_word' id='word_1_118' title='bbox 1572 1973 1618 2037; x_wconf 91' lang='lat' dir='ltr'><strong>di·</strong></span> 
     </span>
     <span class='ocr_line' id='line_1_13' title="bbox 456 2073 1619 2157; baseline -0.001 -16"><span class='ocrx_word' id='word_1_119' title='bbox 456 2089 533 2143; x_wconf 82' lang='lat' dir='ltr'><strong>secte</strong></span> <span class='ocrx_word' id='word_1_120' title='bbox 544 2086 664 2142; x_wconf 85' lang='lat' dir='ltr'><strong>cautum</strong></span> <span class='ocrx_word' id='word_1_121' title='bbox 675 2085 723 2139; x_wconf 87' lang='lat' dir='ltr'><strong>est</strong></span> <span class='ocrx_word' id='word_1_122' title='bbox 734 2093 837 2157; x_wconf 72' lang='lat' dir='ltr'><strong>regum</strong></span> <span class='ocrx_word' id='word_1_123' title='bbox 849 2075 1036 2157; x_wconf 74' lang='lat' dir='ltr'><strong>Theopompi</strong></span> <span class='ocrx_word' id='word_1_124' title='bbox 1048 2084 1077 2137; x_wconf 93' lang='lat' dir='ltr'><strong>et</strong></span> <span class='ocrx_word' id='word_1_125' title='bbox 1088 2073 1224 2157; x_wconf 71' lang='lat' dir='ltr'><strong>Polydori</strong></span> <span class='ocrx_word' id='word_1_126' title='bbox 1235 2074 1308 2156; x_wconf 77' lang='lat' dir='ltr'><strong>lege,</strong></span> <span class='ocrx_word' id='word_1_127' title='bbox 1320 2084 1353 2138; x_wconf 92' lang='lat' dir='ltr'><strong>ut</strong></span> <span class='ocrx_word' id='word_1_128' title='bbox 1365 2076 1444 2157; x_wconf 93' lang='lat' dir='ltr'><strong>quod</strong></span> <span class='ocrx_word' id='word_1_129' title='bbox 1460 2077 1517 2141; x_wconf 88' lang='lat' dir='ltr'><strong>hoo</strong></span> <span class='ocrx_word' id='word_1_130' title='bbox 1529 2078 1619 2140; x_wconf 89' lang='lat' dir='ltr'><strong>medo</strong></span> 
     </span>
     <span class='ocr_line' id='line_1_14' title="bbox 456 2170 1620 2265; baseline 0 -22"><span class='ocrx_word' id='word_1_131' title='bbox 456 2183 582 2265; x_wconf 85' lang='lat' dir='ltr'><strong>populus</strong></span> <span class='ocrx_word' id='word_1_132' title='bbox 598 2180 743 2254; x_wconf 72' lang='lat' dir='ltr'><strong>sris-isset,</strong></span> <span class='ocrx_word' id='word_1_133' title='bbox 758 2178 873 2243; x_wconf 84' lang='lat' dir='ltr'><strong>senatui</strong></span> <span class='ocrx_word' id='word_1_134' title='bbox 888 2188 918 2241; x_wconf 88' lang='lat' dir='ltr'><strong>et</strong></span> <span class='ocrx_word' id='word_1_135' title='bbox 932 2177 1052 2261; x_wconf 80' lang='lat' dir='ltr'><strong>regibus</strong></span> <span class='ocrx_word' id='word_1_136' title='bbox 1068 2178 1182 2241; x_wconf 91' lang='lat' dir='ltr'><strong>irritum</strong></span> <span class='ocrx_word' id='word_1_137' title='bbox 1199 2178 1295 2241; x_wconf 84' lang='lat' dir='ltr'><strong>lacere</strong></span> <span class='ocrx_word' id='word_1_138' title='bbox 1308 2177 1421 2241; x_wconf 80' lang='lat' dir='ltr'><strong>liceret:</strong></span> <span class='ocrx_word' id='word_1_139' title='bbox 1438 2170 1476 2243; x_wconf 80' lang='lat' dir='ltr'><strong>ei</strong></span> <span class='ocrx_word' id='word_1_140' title='bbox 1490 2174 1530 2245; x_wconf 81' lang='grc' dir='ltr'><strong>δέ</strong></span> <span class='ocrx_word' id='word_1_141' title='bbox 1541 2198 1620 2245; x_wconf 76' lang='lat' dir='ltr'><strong>oco·</strong></span> 
     </span>
     <span class='ocr_line' id='line_1_15' title="bbox 457 2270 1620 2367; baseline -0.003 -18"><span class='ocrx_word' id='word_1_142' title='bbox 457 2281 533 2352; x_wconf 78' lang='grc' dir='ltr'><strong>λιᾶν</strong></span> <span class='ocrx_word' id='word_1_143' title='bbox 549 2277 569 2349; x_wconf 86' lang='grc' dir='ltr'><strong>ὁ</strong></span> <span class='ocrx_word' id='word_1_144' title='bbox 583 2281 693 2367; x_wconf 79' lang='grc' dir='ltr'><strong><em>δᾶμος</em></strong></span> <span class='ocrx_word' id='word_1_145' title='bbox 707 2278 829 2360; x_wconf 78' lang='grc' dir='ltr'><strong><em>έλοιτο,</em></strong></span> <span class='ocrx_word' id='word_1_146' title='bbox 847 2277 925 2358; x_wconf 77' lang='grc' dir='ltr'><strong>τοίς</strong></span> <span class='ocrx_word' id='word_1_147' title='bbox 939 2276 1181 2365; x_wconf 72' lang='grc' dir='ltr'><strong>πρεσβυγενέας</strong></span> <span class='ocrx_word' id='word_1_148' title='bbox 1195 2275 1253 2343; x_wconf 83' lang='grc' dir='ltr'><strong>καὶ</strong></span> <span class='ocrx_word' id='word_1_149' title='bbox 1270 2270 1453 2366; x_wconf 74' lang='grc' dir='ltr'><strong><em>ἀρχαγέτας</em></strong></span> <span class='ocrx_word' id='word_1_150' title='bbox 1467 2273 1620 2347; x_wconf 79' lang='grc' dir='ltr'><strong><em>ἀποστα-</em></strong></span> 
     </span>
     <span class='ocr_line' id='line_1_16' title="bbox 456 2376 1621 2477; baseline -0.003 -25"><span class='ocrx_word' id='word_1_151' title='bbox 456 2384 558 2477; x_wconf 69' lang='grc' dir='ltr'><strong>τῆθᾱς</strong></span> <span class='ocrx_word' id='word_1_152' title='bbox 572 2376 673 2472; x_wconf 73' lang='grc' dir='ltr'><strong><em>εἶμεν,</em></strong></span> <span class='ocrx_word' id='word_1_153' title='bbox 688 2388 717 2451; x_wconf 92' lang='lat' dir='ltr'><strong>h.</strong></span> <span class='ocrx_word' id='word_1_154' title='bbox 733 2406 759 2451; x_wconf 86' lang='lat' dir='ltr'><strong>e.</strong></span> <span class='ocrx_word' id='word_1_155' title='bbox 776 2395 809 2450; x_wconf 92' lang='lat' dir='ltr'><strong>ut</strong></span> <span class='ocrx_word' id='word_1_156' title='bbox 824 2385 1000 2451; x_wconf 74' lang='lat' dir='ltr'><strong>Plutarchus</strong></span> <span class='ocrx_word' id='word_1_157' title='bbox 1015 2384 1056 2448; x_wconf 89' lang='lat' dir='ltr'><strong>nit</strong></span> <span class='ocrx_word' id='word_1_158' title='bbox 1069 2384 1119 2448; x_wconf 88' lang='lat' dir='ltr'><strong>rit.</strong></span> <span class='ocrx_word' id='word_1_159' title='bbox 1136 2385 1258 2468; x_wconf 75' lang='lat' dir='ltr'><strong>Lyeurg.</strong></span> <span class='ocrx_word' id='word_1_160' title='bbox 1273 2384 1291 2448; x_wconf 94' lang='grc' dir='ltr'><strong>Ι.</strong></span> <span class='ocrx_word' id='word_1_161' title='bbox 1307 2386 1326 2449; x_wconf 93' lang='lat' dir='ltr'><strong>l.</strong></span> <span class='ocrx_word' id='word_1_162' title='bbox 1345 2379 1391 2471; x_wconf 71' lang='lat' dir='ltr'><strong>pq*</strong></span> <span class='ocrx_word' id='word_1_163' title='bbox 1407 2382 1533 2469; x_wconf 81' lang='grc' dir='ltr'><strong><em>κυροῦν,</em></strong></span> <span class='ocrx_word' id='word_1_164' title='bbox 1550 2376 1621 2450; x_wconf 74' lang='grc' dir='ltr'><strong><em>ἀλλ’</em></strong></span> 
     </span>
     <span class='ocr_line' id='line_1_17' title="bbox 457 2478 1622 2580; baseline -0.003 -22"><span class='ocrx_word' id='word_1_165' title='bbox 457 2488 542 2572; x_wconf 76' lang='grc' dir='ltr'><strong><em>ὅλως</em></strong></span> <span class='ocrx_word' id='word_1_166' title='bbox 560 2484 779 2580; x_wconf 71' lang='grc' dir='ltr'><strong><em>ἀρέσσασθαι</em></strong></span> <span class='ocrx_word' id='word_1_167' title='bbox 800 2484 858 2555; x_wconf 81' lang='grc' dir='ltr'><strong>καὶ</strong></span> <span class='ocrx_word' id='word_1_168' title='bbox 878 2482 1029 2553; x_wconf 80' lang='grc' dir='ltr'><strong><em>διαλέιιν</em></strong></span> <span class='ocrx_word' id='word_1_169' title='bbox 1046 2484 1105 2553; x_wconf 80' lang='grc' dir='ltr'><strong>τὸν</strong></span> <span class='ocrx_word' id='word_1_170' title='bbox 1130 2484 1250 2575; x_wconf 69' lang='grc' dir='ltr'><strong><em>δῆμον,</em></strong></span> <span class='ocrx_word' id='word_1_171' title='bbox 1280 2478 1325 2565; x_wconf 70' lang='lat' dir='ltr'><strong>nic</strong></span> <span class='ocrx_word' id='word_1_172' title='bbox 1344 2480 1545 2574; x_wconf 66' lang='lat' dir='ltr'><strong>ineptarum</strong></span> <span class='ocrx_word' id='word_1_173' title='bbox 1564 2482 1622 2555; x_wconf 78' lang='grc' dir='ltr'><strong>καὶ</strong></span> 
     </span>
     <span class='ocr_line' id='line_1_18' title="bbox 457 2584 1622 2683; baseline -0.001 -22"><span class='ocrx_word' id='word_1_174' title='bbox 457 2592 706 2682; x_wconf 71' lang='grc' dir='ltr'><strong><em>μετανιοιοῦντα</em></strong></span> <span class='ocrx_word' id='word_1_175' title='bbox 722 2590 781 2683; x_wconf 65' lang='grc' dir='ltr'><strong>τὴν</strong></span> <span class='ocrx_word' id='word_1_176' title='bbox 798 2587 928 2682; x_wconf 74' lang='grc' dir='ltr'><strong><em>γνώμην</em></strong></span> <span class='ocrx_word' id='word_1_177' title='bbox 947 2587 1040 2678; x_wconf 79' lang='grc' dir='ltr'><strong><em>παρὰ</em></strong></span> <span class='ocrx_word' id='word_1_178' title='bbox 1059 2586 1099 2657; x_wconf 81' lang='grc' dir='ltr'><strong>τὸ</strong></span> <span class='ocrx_word' id='word_1_179' title='bbox 1119 2584 1300 2676; x_wconf 83' lang='grc' dir='ltr'><strong><em>βέλτιστον.</em></strong></span> <span class='ocrx_word' id='word_1_180' title='bbox 1340 2593 1377 2657; x_wconf 87' lang='lat' dir='ltr'><strong>Et</strong></span> <span class='ocrx_word' id='word_1_181' title='bbox 1395 2592 1482 2657; x_wconf 83' lang='lat' dir='ltr'><strong>rerba</strong></span> <span class='ocrx_word' id='word_1_182' title='bbox 1503 2613 1622 2678; x_wconf 89' lang='lat' dir='ltr'><strong>queque</strong></span> 
     </span>
     <span class='ocr_line' id='line_1_19' title="bbox 458 2696 1621 2783; baseline -0.004 -17"><span class='ocrx_word' id='word_1_183' title='bbox 458 2704 488 2766; x_wconf 90' lang='lat' dir='ltr'><strong>in</strong></span> <span class='ocrx_word' id='word_1_184' title='bbox 506 2700 636 2766; x_wconf 85' lang='lat' dir='ltr'><strong>comitiis</strong></span> <span class='ocrx_word' id='word_1_185' title='bbox 658 2703 752 2763; x_wconf 79' lang='lat' dir='ltr'><strong>Parme</strong></span> <span class='ocrx_word' id='word_1_186' title='bbox 768 2700 890 2783; x_wconf 72' lang='lat' dir='ltr'><strong>Lycurgi</strong></span> <span class='ocrx_word' id='word_1_187' title='bbox 904 2698 1017 2779; x_wconf 73' lang='lat' dir='ltr'><strong>legihus</strong></span> <span class='ocrx_word' id='word_1_188' title='bbox 1033 2697 1144 2761; x_wconf 90' lang='lat' dir='ltr'><strong>nemini</strong></span> <span class='ocrx_word' id='word_1_189' title='bbox 1160 2696 1197 2761; x_wconf 90' lang='lat' dir='ltr'><strong>de</strong></span> <span class='ocrx_word' id='word_1_190' title='bbox 1212 2696 1314 2779; x_wconf 90' lang='lat' dir='ltr'><strong>populi</strong></span> <span class='ocrx_word' id='word_1_191' title='bbox 1328 2697 1457 2771; x_wconf 80' lang='lat' dir='ltr'><strong>licuisse,</strong></span> <span class='ocrx_word' id='word_1_192' title='bbox 1476 2698 1527 2761; x_wconf 87' lang='lat' dir='ltr'><strong>sed</strong></span> <span class='ocrx_word' id='word_1_193' title='bbox 1544 2698 1621 2781; x_wconf 76' lang='lat' dir='ltr'><strong>regi·</strong></span> 
     </span>
     <span class='ocr_line' id='line_1_20' title="bbox 458 2800 1622 2883; baseline -0.003 -14"><span class='ocrx_word' id='word_1_194' title='bbox 458 2808 515 2870; x_wconf 87' lang='lat' dir='ltr'><strong>hus</strong></span> <span class='ocrx_word' id='word_1_195' title='bbox 535 2801 744 2869; x_wconf 88' lang='lat' dir='ltr'><strong>tantummode</strong></span> <span class='ocrx_word' id='word_1_196' title='bbox 768 2810 798 2863; x_wconf 84' lang='lat' dir='ltr'><strong>et</strong></span> <span class='ocrx_word' id='word_1_197' title='bbox 821 2801 1010 2864; x_wconf 68' lang='lat' dir='ltr'><strong>seruatoribus</strong></span> <span class='ocrx_word' id='word_1_198' title='bbox 1036 2820 1070 2863; x_wconf 89' lang='lat' dir='ltr'><strong>ae</strong></span> <span class='ocrx_word' id='word_1_199' title='bbox 1094 2800 1326 2883; x_wconf 82' lang='lat' dir='ltr'><strong>uragistratihus,</strong></span> <span class='ocrx_word' id='word_1_200' title='bbox 1348 2802 1425 2864; x_wconf 89' lang='lat' dir='ltr'><strong>idem</strong></span> <span class='ocrx_word' id='word_1_201' title='bbox 1447 2802 1622 2867; x_wconf 77' lang='lat' dir='ltr'><strong>Plutarchus</strong></span> 
     </span>
    </p>
   </div>
   <div class='ocr_carea' id='block_1_3' title="bbox 458 2999 1713 4529">
    <p class='ocr_par' dir='ltr' id='par_1_3' title="bbox 458 2999 1713 4529">
     <span class='ocr_line' id='line_1_21' title="bbox 458 2999 1625 3100; baseline -0.005 -23"><span class='ocrx_word' id='word_1_202' title='bbox 458 3035 522 3100; x_wconf 80' lang='grc' dir='ltr'><strong>μρν</strong></span> <span class='ocrx_word' id='word_1_203' title='bbox 534 3014 602 3076; x_wconf 83' lang='grc' dir='ltr'><strong>τῶν</strong></span> <span class='ocrx_word' id='word_1_204' title='bbox 618 3002 727 3074; x_wconf 73' lang='grc' dir='ltr'><strong><em>ἄλλων</em></strong></span> <span class='ocrx_word' id='word_1_205' title='bbox 740 3001 824 3094; x_wconf 73' lang='grc' dir='ltr'><strong><em>ἐξῆν,</em></strong></span> <span class='ocrx_word' id='word_1_206' title='bbox 839 3002 900 3094; x_wconf 70' lang='grc' dir='ltr'><strong>τήν</strong></span> <span class='ocrx_word' id='word_1_207' title='bbox 914 3000 951 3071; x_wconf 80' lang='grc' dir='ltr'><strong>δέ</strong></span> <span class='ocrx_word' id='word_1_208' title='bbox 969 2999 1036 3071; x_wconf 79' lang='grc' dir='ltr'><strong>έπὸ</strong></span> <span class='ocrx_word' id='word_1_209' title='bbox 1051 3004 1116 3073; x_wconf 81' lang='grc' dir='ltr'><strong>τῶν</strong></span> <span class='ocrx_word' id='word_1_210' title='bbox 1131 3000 1290 3093; x_wconf 85' lang='grc' dir='ltr'><strong><em>γερόντων</em></strong></span> <span class='ocrx_word' id='word_1_211' title='bbox 1308 3002 1365 3073; x_wconf 78' lang='grc' dir='ltr'><strong>καὶ</strong></span> <span class='ocrx_word' id='word_1_212' title='bbox 1380 3004 1445 3071; x_wconf 80' lang='grc' dir='ltr'><strong>τῶν</strong></span> <span class='ocrx_word' id='word_1_213' title='bbox 1458 3000 1625 3091; x_wconf 79' lang='grc' dir='ltr'><strong><em>βασιλέων</em></strong></span> 
     </span>
     <span class='ocr_line' id='line_1_22' title="bbox 460 3097 1622 3200; baseline -0.003 -22"><span class='ocrx_word' id='word_1_214' title='bbox 460 3114 687 3200; x_wconf 67' lang='grc' dir='ltr'><strong><em>προτεθεῖσαν</em></strong></span> <span class='ocrx_word' id='word_1_215' title='bbox 705 3106 872 3197; x_wconf 73' lang='grc' dir='ltr'><strong><em>ἐπικρῖναι</em></strong></span> <span class='ocrx_word' id='word_1_216' title='bbox 892 3104 1006 3197; x_wconf 71' lang='grc' dir='ltr'><strong><em>κύριος</em></strong></span> <span class='ocrx_word' id='word_1_217' title='bbox 1025 3097 1063 3196; x_wconf 80' lang='lat' dir='ltr'><strong>q’o</strong></span> <span class='ocrx_word' id='word_1_218' title='bbox 1083 3104 1102 3175; x_wconf 81' lang='grc' dir='ltr'><strong><em>ὁ</em></strong></span> <span class='ocrx_word' id='word_1_219' title='bbox 1121 3106 1236 3197; x_wconf 75' lang='grc' dir='ltr'><strong><em>δῆμος.</em></strong></span> <span class='ocrx_word' id='word_1_220' title='bbox 1276 3110 1463 3194; x_wconf 83' lang='lat' dir='ltr'><strong>Quamquam</strong></span> <span class='ocrx_word' id='word_1_221' title='bbox 1484 3112 1622 3177; x_wconf 79' lang='lat' dir='ltr'><strong>credibile</strong></span> 
     </span>
     <span class='ocr_line' id='line_1_23' title="bbox 459 3206 1625 3299; baseline -0.003 -17"><span class='ocrx_word' id='word_1_222' title='bbox 459 3230 506 3282; x_wconf 86' lang='lat' dir='ltr'><strong>est</strong></span> <span class='ocrx_word' id='word_1_223' title='bbox 520 3234 752 3299; x_wconf 88' lang='lat' dir='ltr'><strong>nonuunquam,</strong></span> <span class='ocrx_word' id='word_1_224' title='bbox 766 3216 792 3279; x_wconf 85' lang='lat' dir='ltr'><strong>si</strong></span> <span class='ocrx_word' id='word_1_225' title='bbox 808 3233 886 3296; x_wconf 77' lang='lat' dir='ltr'><strong>‹iqius</strong></span> <span class='ocrx_word' id='word_1_226' title='bbox 900 3234 968 3277; x_wconf 87' lang='lat' dir='ltr'><strong>esse</strong></span> <span class='ocrx_word' id='word_1_227' title='bbox 983 3214 1143 3293; x_wconf 84' lang='lat' dir='ltr'><strong>rideretur,</strong></span> <span class='ocrx_word' id='word_1_228' title='bbox 1160 3214 1195 3277; x_wconf 86' lang='lat' dir='ltr'><strong>ad</strong></span> <span class='ocrx_word' id='word_1_229' title='bbox 1212 3214 1394 3277; x_wconf 79' lang='lat' dir='ltr'><strong>suadendam</strong></span> <span class='ocrx_word' id='word_1_230' title='bbox 1411 3206 1521 3298; x_wconf 84' lang='lat' dir='ltr'><strong>populo</strong></span> <span class='ocrx_word' id='word_1_231' title='bbox 1538 3235 1625 3299; x_wconf 79' lang='lat' dir='ltr'><strong>roga·</strong></span> 
     </span>
     <span class='ocr_line' id='line_1_24' title="bbox 461 3315 1627 3401; baseline -0.005 -16"><span class='ocrx_word' id='word_1_232' title='bbox 461 3322 571 3385; x_wconf 86' lang='lat' dir='ltr'><strong>tionem</strong></span> <span class='ocrx_word' id='word_1_233' title='bbox 588 3320 676 3382; x_wconf 85' lang='lat' dir='ltr'><strong>etiarn</strong></span> <span class='ocrx_word' id='word_1_234' title='bbox 692 3318 813 3400; x_wconf 85' lang='lat' dir='ltr'><strong>prirntis</strong></span> <span class='ocrx_word' id='word_1_235' title='bbox 825 3316 940 3380; x_wconf 83' lang='lat' dir='ltr'><strong>dicendi</strong></span> <span class='ocrx_word' id='word_1_236' title='bbox 953 3316 1067 3379; x_wconf 85' lang='lat' dir='ltr'><strong>reniam</strong></span> <span class='ocrx_word' id='word_1_237' title='bbox 1081 3315 1178 3379; x_wconf 89' lang='lat' dir='ltr'><strong>datam</strong></span> <span class='ocrx_word' id='word_1_238' title='bbox 1191 3338 1268 3392; x_wconf 83' lang='lat' dir='ltr'><strong>esse,</strong></span> <span class='ocrx_word' id='word_1_239' title='bbox 1284 3318 1536 3399; x_wconf 87' lang='lat' dir='ltr'><strong>quemadmodum</strong></span> <span class='ocrx_word' id='word_1_240' title='bbox 1548 3319 1627 3401; x_wconf 89' lang='lat' dir='ltr'><strong>apud</strong></span> 
     </span>
     <span class='ocr_line' id='line_1_25' title="bbox 460 3419 1713 3503; baseline -0.003 -14"><span class='ocrx_word' id='word_1_241' title='bbox 460 3424 616 3489; x_wconf 83' lang='lat' dir='ltr'><strong>llarunnos</strong></span> <span class='ocrx_word' id='word_1_242' title='bbox 637 3439 756 3503; x_wconf 84' lang='lat' dir='ltr'><strong>queque</strong></span> <span class='ocrx_word' id='word_1_243' title='bbox 775 3420 806 3483; x_wconf 89' lang='lat' dir='ltr'><strong>iu</strong></span> <span class='ocrx_word' id='word_1_244' title='bbox 825 3419 1037 3495; x_wconf 72' lang='lat' dir='ltr'><strong>sandonibus,</strong></span> <span class='ocrx_word' id='word_1_245' title='bbox 1062 3436 1155 3501; x_wconf 76' lang='lat' dir='ltr'><strong>«quum</strong></span> <span class='ocrx_word' id='word_1_246' title='bbox 1178 3420 1398 3501; x_wconf 74' lang='lat' dir='ltr'><strong>iringistratihus</strong></span> <span class='ocrx_word' id='word_1_247' title='bbox 1421 3423 1626 3485; x_wconf 89' lang='lat' dir='ltr'><strong>tantummode</strong></span> <span class='ocrx_word' id='word_1_248' title='bbox 1711 3478 1713 3485; x_wconf 83' lang='lat'>.</span> 
     </span>
     <span class='ocr_line' id='line_1_26' title="bbox 459 3522 1628 3606; baseline -0.003 -14"><span class='ocrx_word' id='word_1_249' title='bbox 459 3526 655 3592; x_wconf 81' lang='lat' dir='ltr'><strong>concionandi</strong></span> <span class='ocrx_word' id='word_1_250' title='bbox 670 3524 818 3598; x_wconf 70' lang='lat' dir='ltr'><strong>interesset,</strong></span> <span class='ocrx_word' id='word_1_251' title='bbox 831 3532 930 3585; x_wconf 86' lang='lat' dir='ltr'><strong>tamen</strong></span> <span class='ocrx_word' id='word_1_252' title='bbox 942 3522 1030 3586; x_wconf 85' lang='lat' dir='ltr'><strong>etiarn</strong></span> <span class='ocrx_word' id='word_1_253' title='bbox 1043 3522 1165 3605; x_wconf 88' lang='lat' dir='ltr'><strong>priratis</strong></span> <span class='ocrx_word' id='word_1_254' title='bbox 1177 3541 1392 3606; x_wconf 78' lang='lat' dir='ltr'><strong>saepenumero</strong></span> <span class='ocrx_word' id='word_1_255' title='bbox 1405 3534 1437 3587; x_wconf 87' lang='lat' dir='ltr'><strong>ut</strong></span> <span class='ocrx_word' id='word_1_256' title='bbox 1450 3525 1538 3589; x_wconf 84' lang='lat' dir='ltr'><strong>rerba</strong></span> <span class='ocrx_word' id='word_1_257' title='bbox 1550 3526 1628 3589; x_wconf 83' lang='lat' dir='ltr'><strong>larc-</strong></span> 
     </span>
     <span class='ocr_line' id='line_1_27' title="bbox 460 3625 1628 3709; baseline -0.001 -16"><span class='ocrx_word' id='word_1_258' title='bbox 460 3640 525 3693; x_wconf 87' lang='lat' dir='ltr'><strong>rent</strong></span> <span class='ocrx_word' id='word_1_259' title='bbox 539 3646 717 3693; x_wconf 83' lang='lat' dir='ltr'><strong>eoncessum</strong></span> <span class='ocrx_word' id='word_1_260' title='bbox 732 3646 800 3690; x_wconf 70' lang='lat' dir='ltr'><strong>csse</strong></span> <span class='ocrx_word' id='word_1_261' title='bbox 815 3635 941 3689; x_wconf 82' lang='lat' dir='ltr'><strong>constat</strong></span> <span class='ocrx_word' id='word_1_262' title='bbox 974 3625 1011 3689; x_wconf 87' lang='lat' dir='ltr'><strong>Et</strong></span> <span class='ocrx_word' id='word_1_263' title='bbox 1026 3626 1084 3689; x_wconf 92' lang='lat' dir='ltr'><strong>hoc</strong></span> <span class='ocrx_word' id='word_1_264' title='bbox 1099 3646 1218 3709; x_wconf 91' lang='lat' dir='ltr'><strong>quoque</strong></span> <span class='ocrx_word' id='word_1_265' title='bbox 1233 3634 1466 3689; x_wconf 86' lang='lat' dir='ltr'><strong>consentaneum</strong></span> <span class='ocrx_word' id='word_1_266' title='bbox 1482 3638 1529 3691; x_wconf 88' lang='lat' dir='ltr'><strong>est</strong></span> <span class='ocrx_word' id='word_1_267' title='bbox 1544 3630 1628 3693; x_wconf 87' lang='lat' dir='ltr'><strong>lacti·</strong></span> 
     </span>
     <span class='ocr_line' id='line_1_28' title="bbox 461 3714 1701 3811; baseline 0.001 -17"><span class='ocrx_word' id='word_1_268' title='bbox 461 3742 554 3795; x_wconf 90' lang='lat' dir='ltr'><strong>tatum</strong></span> <span class='ocrx_word' id='word_1_269' title='bbox 569 3752 646 3806; x_wconf 82' lang='lat' dir='ltr'><strong>esse,</strong></span> <span class='ocrx_word' id='word_1_270' title='bbox 659 3740 702 3804; x_wconf 82' lang='lat' dir='ltr'><strong>ut,</strong></span> <span class='ocrx_word' id='word_1_271' title='bbox 718 3730 743 3792; x_wconf 92' lang='lat' dir='ltr'><strong>si</strong></span> <span class='ocrx_word' id='word_1_272' title='bbox 759 3730 880 3809; x_wconf 89' lang='lat' dir='ltr'><strong>quaudo</strong></span> <span class='ocrx_word' id='word_1_273' title='bbox 895 3738 947 3791; x_wconf 90' lang='lat' dir='ltr'><strong>aut</strong></span> <span class='ocrx_word' id='word_1_274' title='bbox 962 3745 1023 3792; x_wconf 92' lang='lat' dir='ltr'><strong>non</strong></span> <span class='ocrx_word' id='word_1_275' title='bbox 1039 3729 1229 3792; x_wconf 80' lang='lat' dir='ltr'><strong>convenisset</strong></span> <span class='ocrx_word' id='word_1_276' title='bbox 1244 3729 1280 3791; x_wconf 91' lang='lat' dir='ltr'><strong>de</strong></span> <span class='ocrx_word' id='word_1_277' title='bbox 1295 3729 1393 3811; x_wconf 91' lang='lat' dir='ltr'><strong>aliqua</strong></span> <span class='ocrx_word' id='word_1_278' title='bbox 1408 3748 1440 3791; x_wconf 92' lang='lat' dir='ltr'><strong>re</strong></span> <span class='ocrx_word' id='word_1_279' title='bbox 1453 3730 1528 3793; x_wconf 87' lang='lat' dir='ltr'><strong>inter</strong></span> <span class='ocrx_word' id='word_1_280' title='bbox 1540 3750 1628 3795; x_wconf 87' lang='lat' dir='ltr'><strong>sena·</strong></span> <span class='ocrx_word' id='word_1_281' title='bbox 1698 3714 1701 3720; x_wconf 40' lang='lat'>¹</span> 
     </span>
     <span class='ocr_line' id='line_1_29' title="bbox 461 3822 1625 3918; baseline -0.001 -22"><span class='ocrx_word' id='word_1_282' title='bbox 461 3845 541 3897; x_wconf 86' lang='lat' dir='ltr'><strong>tores</strong></span> <span class='ocrx_word' id='word_1_283' title='bbox 561 3826 821 3916; x_wconf 68' lang='lat' dir='ltr'><strong>(emerserimus</strong></span> <span class='ocrx_word' id='word_1_284' title='bbox 844 3822 893 3909; x_wconf 81' lang='grc' dir='ltr'><strong>εἷς</strong></span> <span class='ocrx_word' id='word_1_285' title='bbox 915 3822 1019 3894; x_wconf 78' lang='grc' dir='ltr'><strong>ταύτὸ</strong></span> <span class='ocrx_word' id='word_1_286' title='bbox 1041 3830 1116 3907; x_wconf 79' lang='grc' dir='ltr'><strong><em>ταῖς</em></strong></span> <span class='ocrx_word' id='word_1_287' title='bbox 1131 3824 1278 3914; x_wconf 80' lang='grc' dir='ltr'><strong><em>γνώμαις</em></strong></span> <span class='ocrx_word' id='word_1_288' title='bbox 1301 3822 1339 3895; x_wconf 75' lang='grc' dir='ltr'><strong>οὐ</strong></span> <span class='ocrx_word' id='word_1_289' title='bbox 1360 3826 1625 3918; x_wconf 82' lang='grc' dir='ltr'><strong><em>συμφερομένων,</em></strong></span> 
     </span>
     <span class='ocr_line' id='line_1_30' title="bbox 462 3932 1630 4016; baseline 0.002 -18"><span class='ocrx_word' id='word_1_290' title='bbox 462 3947 496 3998; x_wconf 93' lang='lat' dir='ltr'><strong>ut</strong></span> <span class='ocrx_word' id='word_1_291' title='bbox 509 3944 557 3998; x_wconf 83' lang='lat' dir='ltr'><strong>est</strong></span> <span class='ocrx_word' id='word_1_292' title='bbox 570 3935 648 4016; x_wconf 87' lang='lat' dir='ltr'><strong>apud</strong></span> <span class='ocrx_word' id='word_1_293' title='bbox 667 3934 857 3999; x_wconf 82' lang='lat' dir='ltr'><strong>Plutarchum</strong></span> <span class='ocrx_word' id='word_1_294' title='bbox 876 3933 926 3997; x_wconf 86' lang='lat' dir='ltr'><strong>rit.</strong></span> <span class='ocrx_word' id='word_1_295' title='bbox 947 3933 1031 4015; x_wconf 79' lang='lat' dir='ltr'><strong>hgid.</strong></span> <span class='ocrx_word' id='word_1_296' title='bbox 1053 3952 1117 4016; x_wconf 90' lang='lat' dir='ltr'><strong>cap.</strong></span> <span class='ocrx_word' id='word_1_297' title='bbox 1131 3934 1169 4011; x_wconf 77' lang='lat' dir='ltr'><strong>a)</strong></span> <span class='ocrx_word' id='word_1_298' title='bbox 1185 3942 1236 3997; x_wconf 94' lang='lat' dir='ltr'><strong>aut</strong></span> <span class='ocrx_word' id='word_1_299' title='bbox 1251 3932 1276 3996; x_wconf 89' lang='lat' dir='ltr'><strong>si</strong></span> <span class='ocrx_word' id='word_1_300' title='bbox 1292 3952 1470 4015; x_wconf 87' lang='lat' dir='ltr'><strong>quacunque</strong></span> <span class='ocrx_word' id='word_1_301' title='bbox 1487 3935 1524 3997; x_wconf 89' lang='lat' dir='ltr'><strong>de</strong></span> <span class='ocrx_word' id='word_1_302' title='bbox 1540 3956 1630 4000; x_wconf 82' lang='lat' dir='ltr'><strong>causa</strong></span> 
     </span>
     <span class='ocr_line' id='line_1_31' title="bbox 463 4036 1630 4119; baseline -0.001 -17"><span class='ocrx_word' id='word_1_303' title='bbox 463 4058 525 4102; x_wconf 82' lang='lat' dir='ltr'><strong>rem</strong></span> <span class='ocrx_word' id='word_1_304' title='bbox 538 4038 681 4118; x_wconf 77' lang='lat' dir='ltr'><strong>integram</strong></span> <span class='ocrx_word' id='word_1_305' title='bbox 692 4038 803 4119; x_wconf 83' lang='lat' dir='ltr'><strong>populo</strong></span> <span class='ocrx_word' id='word_1_306' title='bbox 815 4038 944 4119; x_wconf 80' lang='lat' dir='ltr'><strong>pemdtti</strong></span> <span class='ocrx_word' id='word_1_307' title='bbox 956 4038 1127 4118; x_wconf 75' lang='lat' dir='ltr'><strong>placuisset,</strong></span> <span class='ocrx_word' id='word_1_308' title='bbox 1143 4036 1266 4117; x_wconf 76' lang='lat' dir='ltr'><strong>rogandi</strong></span> <span class='ocrx_word' id='word_1_309' title='bbox 1279 4036 1486 4117; x_wconf 86' lang='lat' dir='ltr'><strong>suadendique</strong></span> <span class='ocrx_word' id='word_1_310' title='bbox 1498 4046 1630 4117; x_wconf 81' lang='lat' dir='ltr'><strong>potestas</strong></span> 
     </span>
     <span class='ocr_line' id='line_1_32' title="bbox 464 4138 1630 4221; baseline 0.001 -19"><span class='ocrx_word' id='word_1_311' title='bbox 464 4159 527 4203; x_wconf 90' lang='lat' dir='ltr'><strong>non</strong></span> <span class='ocrx_word' id='word_1_312' title='bbox 542 4139 761 4219; x_wconf 74' lang='lat' dir='ltr'><strong>magistratibus</strong></span> <span class='ocrx_word' id='word_1_313' title='bbox 780 4140 879 4203; x_wconf 87' lang='lat' dir='ltr'><strong>solum</strong></span> <span class='ocrx_word' id='word_1_314' title='bbox 899 4148 952 4203; x_wconf 89' lang='lat' dir='ltr'><strong>aut</strong></span> <span class='ocrx_word' id='word_1_315' title='bbox 972 4138 1177 4215; x_wconf 85' lang='lat' dir='ltr'><strong>senatoribus,</strong></span> <span class='ocrx_word' id='word_1_316' title='bbox 1198 4139 1250 4201; x_wconf 89' lang='lat' dir='ltr'><strong>sed</strong></span> <span class='ocrx_word' id='word_1_317' title='bbox 1266 4138 1387 4221; x_wconf 82' lang='lat' dir='ltr'><strong>privatis</strong></span> <span class='ocrx_word' id='word_1_318' title='bbox 1402 4157 1522 4220; x_wconf 88' lang='lat' dir='ltr'><strong>quoque</strong></span> <span class='ocrx_word' id='word_1_319' title='bbox 1539 4142 1630 4215; x_wconf 83' lang='lat' dir='ltr'><strong>heret,</strong></span> 
     </span>
     <span class='ocr_line' id='line_1_33' title="bbox 466 4226 1632 4325; baseline 0.002 -22"><span class='ocrx_word' id='word_1_320' title='bbox 466 4239 650 4325; x_wconf 84' lang='lat' dir='ltr'><strong>quiquidem</strong></span> <span class='ocrx_word' id='word_1_321' title='bbox 666 4260 701 4302; x_wconf 87' lang='lat' dir='ltr'><strong>er</strong></span> <span class='ocrx_word' id='word_1_322' title='bbox 716 4242 912 4305; x_wconf 75' lang='lat' dir='ltr'><strong>hemacorum</strong></span> <span class='ocrx_word' id='word_1_323' title='bbox 929 4241 1035 4305; x_wconf 88' lang='lat' dir='ltr'><strong>ordino</strong></span> <span class='ocrx_word' id='word_1_324' title='bbox 1050 4250 1165 4305; x_wconf 84' lang='lat' dir='ltr'><strong>essent:</strong></span> <span class='ocrx_word' id='word_1_325' title='bbox 1180 4259 1250 4304; x_wconf 88' lang='lat' dir='ltr'><strong>nam</strong></span> <span class='ocrx_word' id='word_1_326' title='bbox 1267 4239 1414 4304; x_wconf 85' lang='lat' dir='ltr'><strong>interieris</strong></span> <span class='ocrx_word' id='word_1_327' title='bbox 1431 4240 1546 4304; x_wconf 91' lang='lat' dir='ltr'><strong>ordinis</strong></span> <span class='ocrx_word' id='word_1_328' title='bbox 1561 4226 1632 4305; x_wconf 59' lang='lat' dir='ltr'><strong>eiriss</strong></span> 
     </span>
     <span class='ocr_line' id='line_1_34' title="bbox 466 4342 1632 4431; baseline -0.003 -23"><span class='ocrx_word' id='word_1_329' title='bbox 466 4346 524 4408; x_wconf 89' lang='lat' dir='ltr'><strong>hus</strong></span> <span class='ocrx_word' id='word_1_330' title='bbox 538 4342 599 4406; x_wconf 85' lang='lat' dir='ltr'><strong>hoc</strong></span> <span class='ocrx_word' id='word_1_331' title='bbox 611 4359 743 4423; x_wconf 90' lang='lat' dir='ltr'><strong>uuquam</strong></span> <span class='ocrx_word' id='word_1_332' title='bbox 758 4361 934 4407; x_wconf 75' lang='lat' dir='ltr'><strong>concessum</strong></span> <span class='ocrx_word' id='word_1_333' title='bbox 946 4365 1014 4431; x_wconf 87' lang='lat' dir='ltr'><strong>esse</strong></span> <span class='ocrx_word' id='word_1_334' title='bbox 1029 4362 1090 4407; x_wconf 92' lang='lat' dir='ltr'><strong>non</strong></span> <span class='ocrx_word' id='word_1_335' title='bbox 1103 4352 1150 4407; x_wconf 88' lang='lat' dir='ltr'><strong>est</strong></span> <span class='ocrx_word' id='word_1_336' title='bbox 1160 4343 1322 4425; x_wconf 85' lang='lat' dir='ltr'><strong>probabile.</strong></span> <span class='ocrx_word' id='word_1_337' title='bbox 1356 4342 1521 4407; x_wconf 86' lang='lat' dir='ltr'><strong>llinorihus</strong></span> <span class='ocrx_word' id='word_1_338' title='bbox 1533 4353 1632 4407; x_wconf 86' lang='lat' dir='ltr'><strong>autem</strong></span> 
     </span>
     <span class='ocr_line' id='line_1_35' title="bbox 464 4444 1634 4529; baseline -0.001 -19"><span class='ocrx_word' id='word_1_339' title='bbox 464 4444 601 4510; x_wconf 80' lang='lat' dir='ltr'><strong>eeclesiis</strong></span> <span class='ocrx_word' id='word_1_340' title='bbox 621 4444 651 4507; x_wconf 95' lang='lat' dir='ltr'><strong>hi</strong></span> <span class='ocrx_word' id='word_1_341' title='bbox 671 4444 749 4507; x_wconf 82' lang='lat' dir='ltr'><strong>lsaud</strong></span> <span class='ocrx_word' id='word_1_342' title='bbox 769 4445 857 4508; x_wconf 80' lang='lat' dir='ltr'><strong>dulde</strong></span> <span class='ocrx_word' id='word_1_343' title='bbox 876 4465 914 4510; x_wconf 91' lang='lat' dir='ltr'><strong>ne</strong></span> <span class='ocrx_word' id='word_1_344' title='bbox 930 4448 1091 4511; x_wconf 73' lang='lat' dir='ltr'><strong>induerant</strong></span> <span class='ocrx_word' id='word_1_345' title='bbox 1106 4446 1243 4529; x_wconf 87' lang='lat' dir='ltr'><strong>quidem,</strong></span> <span class='ocrx_word' id='word_1_346' title='bbox 1259 4446 1312 4509; x_wconf 87' lang='lat' dir='ltr'><strong>sed</strong></span> <span class='ocrx_word' id='word_1_347' title='bbox 1329 4445 1385 4508; x_wconf 87' lang='lat' dir='ltr'><strong>soli</strong></span> <span class='ocrx_word' id='word_1_348' title='bbox 1401 4445 1536 4520; x_wconf 79' lang='lat' dir='ltr'><strong>hennei,</strong></span> <span class='ocrx_word' id='word_1_349' title='bbox 1552 4456 1582 4509; x_wconf 87' lang='lat' dir='ltr'><strong>ct</strong></span> <span class='ocrx_word' id='word_1_350' title='bbox 1595 4463 1634 4509; x_wconf 85' lang='lat' dir='ltr'><strong>ne</strong></span> 
     </span>
    </p>
   </div>
   <div class='ocr_carea' id='block_1_4' title="bbox 493 4602 722 4615">
    <p class='ocr_par' dir='ltr' id='par_1_4' title="bbox 493 4602 722 4615">
     <span class='ocr_line' id='line_1_36' title="bbox 493 4602 722 4615; baseline -0.009 -2"><span class='ocrx_word' id='word_1_351' title='bbox 493 4602 669 4615; x_wconf 64' lang='lat' dir='ltr'><strong>.——uu-</strong></span> <span class='ocrx_word' id='word_1_352' title='bbox 680 4604 722 4611; x_wconf 82' lang='grc'><strong>--.</strong></span> 
     </span>
    </p>
   </div>
   <div class='ocr_carea' id='block_1_5' title="bbox 431 4697 1632 4859">
    <p class='ocr_par' dir='ltr' id='par_1_5' title="bbox 431 4697 1632 4859">
     <span class='ocr_line' id='line_1_37' title="bbox 431 4697 1632 4772; baseline -0.001 -21"><span class='ocrx_word' id='word_1_353' title='bbox 431 4729 433 4733; x_wconf 42' lang='lat'><em>1</em></span> <span class='ocrx_word' id='word_1_354' title='bbox 520 4697 561 4763; x_wconf 80' lang='lat' dir='ltr'><strong>li)</strong></span> <span class='ocrx_word' id='word_1_355' title='bbox 580 4698 653 4767; x_wconf 74' lang='lat' dir='ltr'><strong>Apud</strong></span> <span class='ocrx_word' id='word_1_356' title='bbox 663 4698 824 4752; x_wconf 74' lang='lat' dir='ltr'><strong>Plutarchum</strong></span> <span class='ocrx_word' id='word_1_357' title='bbox 835 4701 882 4753; x_wconf 84' lang='lat' dir='ltr'><strong>vit.</strong></span> <span class='ocrx_word' id='word_1_358' title='bbox 898 4702 1008 4771; x_wconf 67' lang='grc' dir='ltr'><strong><em>λιγέως.</em></strong></span> <span class='ocrx_word' id='word_1_359' title='bbox 1026 4718 1080 4772; x_wconf 72' lang='lat' dir='ltr'><strong>esp.</strong></span> <span class='ocrx_word' id='word_1_360' title='bbox 1096 4702 1152 4757; x_wconf 78' lang='lat' dir='ltr'><strong>let</strong></span> <span class='ocrx_word' id='word_1_361' title='bbox 1169 4704 1193 4756; x_wconf 86' lang='lat' dir='ltr'><strong>ia</strong></span> <span class='ocrx_word' id='word_1_362' title='bbox 1207 4702 1309 4756; x_wconf 83' lang='lat' dir='ltr'><strong>iliodori</strong></span> <span class='ocrx_word' id='word_1_363' title='bbox 1321 4700 1451 4771; x_wconf 76' lang='lat' dir='ltr'><strong>excerptis</strong></span> <span class='ocrx_word' id='word_1_364' title='bbox 1462 4699 1579 4759; x_wconf 79' lang='lat' dir='ltr'><strong>Vallem.</strong></span> <span class='ocrx_word' id='word_1_365' title='bbox 1591 4713 1632 4766; x_wconf 76' lang='lat' dir='ltr'><strong>sp.</strong></span> 
     </span>
     <span class='ocr_line' id='line_1_38' title="bbox 471 4784 1235 4859; baseline 0.005 -20"><span class='ocrx_word' id='word_1_366' title='bbox 471 4784 594 4851; x_wconf 73' lang='grc' dir='ltr'><strong><em>Αιςτλιι</em></strong></span> <span class='ocrx_word' id='word_1_367' title='bbox 605 4784 698 4839; x_wconf 77' lang='lat' dir='ltr'><strong>lirin</strong></span> <span class='ocrx_word' id='word_1_368' title='bbox 709 4784 809 4853; x_wconf 73' lang='lat' dir='ltr'><strong>selptt.</strong></span> <span class='ocrx_word' id='word_1_369' title='bbox 820 4792 885 4839; x_wconf 81' lang='lat' dir='ltr'><strong>vett.</strong></span> <span class='ocrx_word' id='word_1_370' title='bbox 898 4802 956 4841; x_wconf 84' lang='grc' dir='ltr'><strong><em>ιον.</em></strong></span> <span class='ocrx_word' id='word_1_371' title='bbox 969 4789 1070 4842; x_wconf 79' lang='lat' dir='ltr'><strong>collect.</strong></span> <span class='ocrx_word' id='word_1_372' title='bbox 1081 4788 1164 4843; x_wconf 84' lang='lat' dir='ltr'><strong>vohll</strong></span> <span class='ocrx_word' id='word_1_373' title='bbox 1176 4786 1235 4859; x_wconf 73' lang='lat' dir='ltr'><strong>ph.</strong></span> 
     </span>
    </p>
   </div>
   <div class='ocr_carea' id='block_1_6' title="bbox 0 0 1919 5609">
    <p class='ocr_par' dir='ltr' id='par_1_6' title="bbox 0 0 1919 5609">
     <span class='ocr_line' id='line_1_39' title="bbox 0 0 1919 5609; baseline 0 0"><span class='ocrx_word' id='word_1_374' title='bbox 0 0 1919 5609; x_wconf 95' lang='lat' dir='ltr'><strong> </strong></span> 
     </span>
    </p>
   </div>
  </div>
 </body>
</html>
