3792 5609
517 1877 593 1997 'ult
628 1905 718 2000 uus
749 1905 952 2000 ututuus
982 1905 1176 1999 trtuiuus
1207 1907 1264 1999 u'l
1294 1904 1457 2000 ttulit

370 2213 389 2267 ³
497 2187 649 2272 Praeclare
668 2208 748 2290 apurl
768 2207 939 2271 Ciceronem
953 2211 980 2286 ¹)
1003 2205 1105 2288 Scipio
1129 2205 1268 2270 Africano
1292 2207 1393 2288 nepoti
1419 2207 1572 2291 praecipit,

409 2327 470 2390 quo
487 2311 526 2374 rit
540 2313 663 2375 alacrior
676 2312 713 2376 au
729 2313 881 2376 tutandam
898 2330 960 2374 rcnr
976 2309 1133 2392 prrllicaru,
1148 2311 1193 2372 sic
1207 2309 1330 2373 lrabeat:
1346 2309 1506 2386 cornilius,
1521 2311 1571 2395 qui

408 2413 533 2494 patriam
550 2415 761 2490 conservarint,
776 2415 947 2490 adiureriut,
962 2411 1106 2486 auxerint,
1122 2421 1236 2475 certuru
1251 2431 1321 2474 csse
1336 2411 1366 2475 in
1382 2413 1462 2476 nelo
1473 2434 1508 2476 ac
1518 2415 1572 2476 ‹le-

408 2515 659 2596 arrationarem,
681 2517 732 2581 ulti
751 2517 828 2580 boati
849 2535 921 2580 acro
942 2515 1125 2596 sempiterno
1146 2515 1290 2578 truantur.
1331 2513 1409 2578 Nihil
1433 2515 1513 2579 eninr
1534 2515 1573 2579 illi

282 2629 286 2635 ’
335 2701 337 2708 Α
408 2619 534 2704 principi
549 2621 621 2697 aleo,
640 2621 690 2704 qui
707 2639 826 2685 curnem
843 2620 924 2684 lrune
938 2619 1084 2683 monum
1099 2619 1189 2700 regit,
1210 2617 1291 2700 quod
1306 2617 1425 2700 quidem
1439 2618 1471 2681 in
1487 2618 1573 2682 terris

408 2724 472 2799 liat,
492 2743 560 2787 csse
575 2723 737 2807 acceptius,
755 2742 845 2807 quarn
861 2722 982 2786 eoncilia
997 2731 1162 2804 coctusque
1181 2720 1339 2786 hominurn
1354 2721 1419 2786 iere
1432 2722 1572 2797 sociatos,

407 2842 482 2906 «puae
493 2825 625 2890 civitates
640 2827 833 2910 appellantur.
853 2827 966 2891 lloruur
980 2835 1111 2890 rectores
1127 2833 1158 2889 et
1170 2834 1394 2890 conservatores
1409 2825 1487 2888 illinc
1501 2845 1573 2909 pro·

408 2931 501 2994 tectos
517 2929 584 2994 illuc
597 2931 713 2994 reuerti.
733 2965 776 2980 -
805 2932 882 2997 Nam
897 2952 979 3006 saue,
994 2940 1029 2997 ut
1043 2930 1084 2995 ait
1098 2929 1166 2994 alilri
1181 2929 1339 3009 Ciceros),
1358 2930 1437 2993 nulla
1451 2939 1498 2993 cst
1511 2949 1572 3007 ros,

407 3031 439 3097 iu
460 3053 517 3117 qua
536 3035 661 3119 propius
680 3035 716 3099 ad
739 3035 871 3099 Deomnr'
890 3053 1005 3100 nursica
1020 3035 1114 3099 virtus
1137 3034 1257 3099 aocelat
1269 3033 1410 3110 humana,
1425 3053 1515 3117 quarn
1530 3034 1574 3098 ci·

406 3139 510 3202 ritates
530 3148 581 3203 aut
595 3139 723 3204 condere
743 3157 851 3216 noras,
871 3149 922 3204 aut
940 3158 1116 3204 conservare
1135 3139 1194 3203 iarn
1215 3138 1364 3203 conditas:
1379 3139 1574 3222 quamobrem

407 3261 499 3324 apuruu
520 3241 592 3306 nihil
612 3241 689 3306 iuter
709 3241 848 3305 horrrincs
867 3243 982 3306 bonum
1002 3251 1090 3324 atque
1103 3241 1249 3306 lauduulc
1263 3242 1431 3324 perficiatur
1446 3243 1511 3306 siue
1526 3243 1573 3306 ali·
1650 3279 1653 3282 ⁴

406 3345 465 3408 riui
481 3345 614 3411 nurrrinis
629 3345 780 3421 instinctu,
797 3345 919 3428 ipseque
934 3346 1009 3411 aleo
1024 3345 1153 3420 animus,
1168 3353 1264 3408 rectae
1278 3345 1403 3409 rationis
1417 3354 1448 3408 et
1458 3346 1573 3409 vinetis

406 3468 513 3534 capas,
531 3467 593 3514 uon
613 3459 759 3514 terrenam
780 3445 888 3513 lrabeat
908 3449 962 3512 sert
980 3448 1138 3514 caelestem
1158 3447 1302 3530 originem
1323 3446 1573 3533 ingeneratusque

290 3543 293 3550 ’
407 3553 448 3617 rit
461 3552 635 3618 homiuibus
650 3573 667 3618 a
682 3571 826 3635 supremo
843 3551 908 3628 cleo,
924 3561 988 3616 turn
1003 3551 1071 3627 noc,
1086 3550 1167 3634 quod
1182 3551 1214 3614 in
1228 3551 1317 3615 nobie
1328 3551 1461 3616 divinum
1471 3561 1527 3629 cst,
1542 3552 1573 3616 in

407 3655 489 3720 nullo
504 3656 598 3740 magis
613 3655 746 3740 conspici
762 3664 849 3738 aupre
864 3655 1026 3720 clarescere
1039 3664 1148 3739 potest,
1163 3654 1363 3738 quominus,
1378 3656 1429 3738 qui
1444 3655 1475 3719 io
1489 3656 1573 3737 regio

408 3777 443 3822 ac
456 3757 608 3843 prunripali
622 3769 702 3826 statu
717 3761 850 3826 collocati
866 3770 969 3826 coctus
984 3760 1143 3826 laominunr
1158 3758 1377 3842 societatesque
1390 3759 1488 3823 civiles
1503 3778 1573 3823 euna

409 3861 528 3940 iustitia,
544 3865 724 3943 tortitudine,
740 3865 884 3949 sapientia
899 3873 1007 3949 regunt
1019 3873 1050 3929 et
1064 3863 1264 3928 morlorautur.
1305 3862 1371 3928 ttoc
1383 3872 1413 3927 et
1426 3863 1574 3928 veteribus

407 3964 524 4032 Graecis
539 3966 765 4046 obrersabatur,
785 3988 877 4054 quern
892 3969 993 4033 bonos
1008 3987 1093 4050 reges
1114 3959 1286 4051 διογενέας
1298 3974 1350 4031 aut
1365 3963 1573 4056 διοτρεφέας,
1591 4004 1595 4012 ·

409 4069 499 4133 arlco
519 4079 604 4136 ortos
624 4082 675 4136 aut
688 4071 829 4137 educatos
843 4081 1000 4147 rooerent,
1020 4081 1051 4136 et
1068 4068 1227 4146 ltomauia,
1249 4089 1342 4153 quurn
1362 4071 1473 4136 Genios
1488 4060 1574 4155 prin·

410 4173 510 4256 cipum
534 4175 690 4240 adorarent
713 4177 1014 4259 nurumqua‘corum
1041 4181 1260 4258 postmortem
1278 4172 1386 4237 diruis
1404 4173 1573 4238 honoribus

409 4289 661 4358 prosequerentur
683 4288 726 4358 et,
745 4288 778 4342 ut
796 4278 853 4362 ipsi
873 4277 1087 4361 loquebantur,
1106 4259 1324 4339 &creancet
1359 4275 1453 4340 Nobis
1473 4286 1573 4341 auum

410 4395 502 4454 nnnc,
517 4377 547 4443 iu
558 4379 643 4444 utus
658 4379 769 4444 nucis
781 4380 872 4456 obitu,
888 4399 977 4462 quem
989 4379 1038 4455 illi,
1053 4379 1183 4460 siquem
1194 4395 1335 4458 unquam,
1350 4378 1573 4443 consonatione

410 4477 534 4561 dunum
548 4480 675 4544 trabituri
689 4471 835 4558 luissent,
848 4501 942 4565 ‹puum
961 4480 1109 4546 lronoreru
1122 4477 1210 4542 ntus
1223 4475 1390 4543 mutuus
1404 4478 1573 4543 malletur

481 4717 779 4788 transsuere.

477 4801 776 4873 cnsp-aerea.
