3792 5609
779 814 783 821 .
825 724 978 823 ut......

295 928 388 993 nege,
403 913 526 977 eosdem
540 932 607 977 esse
621 912 772 979 ttoooeoa
787 928 875 1001 atque
890 923 1049 1002 optimates
1065 916 1126 979 siue
1141 908 1262 991 καλοῦς
1275 902 1456 997 κάγαθοί-ς.

296 1015 370 1079 Nam
396 1017 477 1099 qnod
503 1018 541 1080 tle
558 1020 706 1101 Lycurgos
726 1018 772 1083 itte
794 1039 933 1101 agrotum
954 1019 1100 1084 diuisione
1120 1038 1187 1082 ousta
1209 1018 1312 1081 Grotio
1332 1016 1457 1087 siarbitat.

295 1119 405 1183 nullius
424 1130 469 1184 est
485 1124 522 1185 sal
537 1122 615 1186 bane
629 1123 830 1205 «quaestionem
846 1126 1003 1190 ornassenti:
1024 1124 1076 1187 soti
1092 1120 1345 1187 demonstrabitur
1359 1129 1457 1183 tanton

296 1232 414 1307 postes,
429 1243 520 1306 quam
534 1226 613 1289 leues
629 1226 688 1289 sint
703 1228 855 1293 tietbitamli
870 1248 985 1293 eattsae.

380 1328 608 1412 subiunguntur
631 1332 757 1415 (leuique
782 1354 800 1395 tt
823 1334 960 1397 loototto
984 1351 1076 1415 pattcu
1102 1332 1247 1414 quaa-atam
1274 1329 1310 1391 tie
1329 1326 1458 1409 epberis,

296 1432 347 1515 qui
366 1452 459 1516 quum
473 1434 641 1499 Aristotelis
660 1437 843 1521 tesstporibus
858 1436 1044 1520 popularium
1061 1437 1188 1519 laertium
1205 1440 1458 1521 optimatibusque

179 1569 180 1622 p
297 1538 427 1623 oppositi
442 1539 561 1615 luerint,
575 1542 742 1623 posteriore
756 1550 850 1605 aetate
866 1543 952 1620 (be.
969 1550 1001 1604 ιιι
1016 1541 1132 1624 opinor,
1147 1564 1181 1605 ea
1196 1554 1299 1617 aetate,
1315 1565 1371 1627 qua
1387 1544 1457 1627 sigis

295 1654 325 1707 et
343 1644 517 1708 Cleomenes
537 1646 673 1724 luerunt)
695 1646 882 1728 optimatium
897 1646 998 1730 potitis
1014 1646 1104 1709 ebreos
1120 1656 1208 1729 atque
1222 1659 1457 1731 propugnatores

297 1748 389 1812 luisse
408 1748 570 1813 videantur.
604 1750 687 1815 llane
701 1771 763 1814 reue
778 1751 862 1815 aliter
874 1751 1012 1833 explieari
1028 1768 1088 1813 noo
1104 1771 1209 1834 pomo,
1226 1774 1314 1835 equam
1332 1765 1364 1817 nt
1378 1754 1456 1839 aqui-

296 1862 390 1917 mates
413 1852 470 1935 ipsi
494 1853 644 1935 paullatim
670 1874 703 1917 se
726 1855 782 1919 illis
805 1854 976 1919 atiitmsisse
1000 1856 1132 1938 otluopte
1154 1857 1243 1921 etiam
1270 1858 1459 1923 suiuunaisse

297 1966 479 2033 statuantur,
499 1977 559 2039 quo
580 1959 684 2022 melius
703 1959 872 2021 eommotlis
892 1959 956 2022 anis
971 1962 1166 2023 consulerent.
1199 1962 1231 2025 bi
1247 1984 1295 2026 me
1309 1982 1370 2027 non
1386 1966 1458 2027 satis

297 2061 456 2142 intelligere
476 2061 577 2125 lateus.
612 2062 687 2126 Nam
707 2063 732 2126 si
753 2064 858 2146 epberi
876 2062 963 2126 etiam
985 2063 1041 2127 bae
1060 2073 1153 2126 aetate
1173 2086 1206 2129 ex
1228 2068 1325 2149 plebe,
1347 2086 1408 2131 nun
1423 2090 1458 2132 ex

296 2164 488 2247 optimatibus
513 2164 702 2238 creabantur,
728 2166 865 2230 credibile
890 2174 937 2229 est
960 2186 1012 2229 eos
1038 2166 1229 2250 optimatibus
1249 2170 1349 2232 minus
1369 2191 1458 2253 quam

296 2269 375 2354 plebi
395 2268 516 2344 lavisse,
538 2270 732 2351 quamobrem
752 2270 790 2333 illi
810 2290 870 2333 oen
886 2271 930 2335 sie
944 2272 1098 2334 ettrtsulese
1112 2272 1280 2334 eotttmuelis
1295 2274 1359 2337 suis
1374 2285 1459 2357 pete·

296 2382 380 2450 rant,
405 2373 431 2436 si
456 2392 524 2436 sese
548 2372 669 2455 epbeeis
692 2373 925 2454 septuagenos,
953 2374 1005 2435 setl
1034 2374 1060 2435 si
1085 2394 1139 2435 eos
1158 2394 1173 2435 a
1194 2376 1276 2455 plebe
1296 2378 1461 2441 abalienare

297 2476 413 2559 sibique
428 2496 463 2539 ae
476 2476 541 2539 suis
556 2475 722 2538 rationibus
737 2476 894 2538 conciliare
909 2476 1071 2539 studerent.
1104 2478 1161 2539 Sul
1177 2480 1264 2559 lunge
1278 2480 1460 2561 partetibus

295 2590 356 2655 est,
371 2581 429 2644 bae
442 2588 535 2644 aetate
549 2597 612 2642 oon
628 2578 769 2660 amplius,
789 2587 936 2652 utentes,
953 2599 987 2640 ex
1005 2578 1087 2641 omni
1103 2581 1214 2662 pupulo
1229 2583 1280 2644 soal
1297 2590 1410 2647 tantum
1425 2604 1460 2647 ex

298 2682 490 2765 optimatibus
504 2682 635 2765 ephoros
650 2682 743 2744 creari
759 2683 876 2756 solitos,
892 2682 921 2744 iel
936 2683 1017 2763 quoel
1030 2682 1059 2745 in
1076 2704 1118 2757 ea,
1133 2703 1208 2765 qum
1220 2694 1290 2747 tutte
1304 2696 1377 2760 erat.
1389 2686 1461 2750 ciui-

298 2786 367 2850 tatis
382 2785 552 2849 eonditione
570 2787 648 2849 laetu
668 2784 838 2848 lorillimum
854 2785 917 2848 tuit.
940 2784 1092 2865 tqsaotter
1107 2795 1200 2858 rorte,
1215 2788 1299 2849 euius
1315 2788 1462 2871 insignem

298 2890 374 2953 intes·
398 2888 477 2952 eites
503 2888 627 2969 gloriam
648 2886 739 2950 luisse
760 2886 899 2968 legitque.
925 2905 987 2950 non
1008 2887 1101 2968 magis
1121 2910 1157 2951 es
1176 2890 1260 2970 plebe
1280 2891 1347 2965 luit,
1373 2913 1462 2975 quam

297 2992 464 3073 Agesilaus,
483 2990 562 3073 regis
577 2990 740 3054 atunmlus
756 3000 786 3052 et
799 2990 1021 3055 latitnodiomm
1039 3010 1201 3072 praesessor
1213 2998 1220 3037 ¹
1234 2998 1274 3072 ι).
1307 2994 1344 3057 Et
1358 3012 1396 3057 ne
1410 3013 1463 3058 su·

298 3094 466 3180 perioribus
486 3095 606 3178 quidem
626 3094 810 3175 temporibus
829 3096 961 3178 epboros
982 3114 1103 3178 senaper
1121 3097 1159 3159 eie
1179 3095 1263 3177 plebe
1285 3097 1376 3160 luisse
1395 3096 1464 3160 Cbi·
1543 3170 1548 3179 Ι

299 3199 393 3275 lonis,
406 3198 628 3270 Stheneloitlae‚
643 3196 798 3275 Brasitiae,
811 3198 897 3261 Eudii
913 3200 1049 3281 exemplu
1063 3199 1271 3262 alernunstrant
1285 3207 1291 3245 ¹
1303 3204 1343 3277 ι),
1370 3218 1464 3282 neque

300 3304 473 3367 Aristoteles
488 3302 654 3366 contrariae
668 3302 831 3365 sententiae
846 3313 950 3367 suetor
965 3313 1020 3375 est,
1037 3302 1089 3365 setl
1104 3302 1162 3365 boe
1177 3312 1292 3365 tantum
1307 3302 1386 3376 elicit,
1402 3321 1462 3366 non

300 3408 438 3472 exclusos
458 3406 495 3469 ab
515 3406 575 3469 boe
593 3405 768 3487 magistratu
787 3406 919 3488 plebeios
939 3406 1046 3479 luisse,
1067 3406 1187 3487 lienique
1206 3406 1339 3486 potuisse
1357 3416 1386 3469 et
1400 3408 1462 3488 ple·

299 3529 427 3593 rumque
448 3512 559 3574 lautam
579 3528 659 3584 esse,
679 3518 713 3571 ut
730 3510 835 3592 epbori
855 3508 943 3571 etiam
964 3527 997 3570 ex
1014 3508 1123 3571 intimis
1139 3519 1169 3569 et
1184 3507 1365 3570 tenuissimis
1380 3527 1462 3573 eren

300 3622 403 3677 rentur
415 3618 422 3659 ¹
434 3613 475 3692 i).
497 3646 540 3659 -
562 3614 646 3688 Quae
665 3612 771 3674 nunde
789 3610 938 3673 adduntur
955 3632 970 3671 a
987 3610 1122 3672 Leebello
1139 3609 1175 3670 tle
1191 3610 1355 3691 antiquiore
1369 3613 1464 3694 epho-

301 3715 362 3780 rise
375 3714 509 3790 historin,
522 3722 613 3796 utque
622 3714 686 3777 eius
698 3711 889 3794 magistratus
901 3720 1033 3793 protestas
1046 3731 1062 3773 o
1076 3710 1173 3791 parus
1187 3710 1277 3774 initiis
1289 3732 1343 3799 pet·
1353 3713 1464 3791 gratius

372 3990 414 4055 ll)
432 3988 470 4041 tte
482 3987 615 4057 Lyssntlro
627 3986 678 4039 vit.
691 3986 758 4040 Plot-
770 3984 843 4051 sets.
856 4002 878 4038 e.
891 3984 916 4049 6,
929 3984 960 4048 ³3
973 3986 998 4047 8,
1013 3985 1034 4036 l.
1052 3986 1083 4037 tle
1096 3984 1216 4051 Agesilao
1228 3984 1261 4038 tl.
1274 4002 1297 4038 r.
1313 3984 1352 4049 ts,
1364 3988 1389 4039 3.

341 4062 344 4068 ’
374 4076 415 4141 sq
434 4076 472 4128 ne
489 4073 594 4145 matoes
611 4073 661 4125 aa.
674 4072 747 4139 naq.
764 4072 794 4124 n
806 4070 817 4124 ι
829 4088 852 4124 e.
864 4071 893 4135 a,
922 4072 954 4122 te
966 4070 1127 4123 sarstono
1140 4069 1247 4123 reone.
1259 4070 1303 4137 ut,
1316 4070 1346 4137 ι,
1362 4074 1406 4137 to,
1435 4077 1467 4127 ae

305 4162 409 4216 &ssitls
420 4159 537 4229 Xesepb.
549 4159 616 4213 ttett.
628 4158 667 4227 lii,
678 4159 703 4224 b,
717 4158 757 4223 stt,
782 4159 814 4210 tle
826 4158 908 4211 Esdie
920 4155 1034 4227 Theopal.
1045 4155 1109 4220 Vlii,
1122 4156 1147 4209 ii.

376 4250 417 4315 tq
434 4246 492 4304 un
510 4247 581 4300 leeos
593 4261 669 4315 sopra
680 4254 733 4299 sot.
745 4245 761 4297 3
774 4245 875 4298 eitstes.
902 4244 995 4297 lieren
1007 4242 1134 4309 nauseet,
1146 4242 1187 4311 qui
1198 4244 1305 4297 sltersst
1317 4248 1468 4301 mesenus·

306 4336 414 4405 prebere
423 4335 550 4399 ultlestsr,
559 4330 589 4398 tt,
598 4334 624 4399 s,
636 4332 678 4383 ll:
690 4334 817 4403 γίνονται
826 4325 854 4382 δ’
865 4328 896 4382 ts
905 4330 955 4381 τοῦ
964 4323 1058 4400 δῆμον
1067 4322 1198 4389 πάντες.
1212 4330 1256 4383 Sic
1265 4332 1288 4383 si
1296 4333 1468 4401 seripsitAri·

305 4422 426 4486 atelebos,
447 4420 537 4473 tstson
553 4419 687 4488 scripsism
703 4418 819 4486 eae-pt·
829 4423 953 4481 sequana
971 4414 1016 4466 sed
1028 4414 1131 4483 scripsit
1143 4414 1253 4469 foetasse
1266 4416 1297 4468 ix
1313 4419 1363 4471 sori
1374 4412 1470 4488 sisipoti

305 4502 425 4572 nuntie,
445 4504 611 4559 insolentiore
627 4503 725 4574 quidese
736 4501 903 4555 eolloessioee
913 4500 1032 4552 silentisl
1054 4501 1063 4565 t
1070 4516 1116 4569 pre
1128 4498 1159 4554 la
1171 4500 1279 4561 navaie
1289 4503 1340 4555 τοῦ
1351 4498 1480 4579 δῆμον),Ι

306 4608 387 4663 neque
404 4600 487 4647 tanes
503 4592 605 4646 steten.
630 4592 714 4660 Atque
730 4588 805 4643 etis·
823 4587 903 4659 ipsust
914 4585 1019 4639 verttos
1029 4587 1172 4659 μιιιχιιν,
1188 4603 1237 4656 qne
1250 4588 1331 4641 stitsr
1342 4588 1376 4641 ib.
1388 4586 1414 4657 ί.
1428 4588 1469 4642 te.

306 4686 335 4733 et
351 4676 393 4745 ttt,
411 4678 441 4747 l,
457 4680 488 4747 ι,
508 4696 558 4732 ses
574 4676 701 4747 μηρὼ·
716 4676 789 4730 isles
804 4672 967 4741 mesenus
983 4674 1171 4743 possessionen
1186 4674 1250 4727 solis
1267 4674 1373 4744 plebeiis
1389 4672 1469 4728 lsisss

306 4756 1019 4847 similassetltnsussussenesnsptiutibss.
1344 4756 1346 4761 '
