3792 5609
479 1858 912 1960 salutataauums
933 1858 994 1950 ut:
1016 1853 1203 1950 tutatus
1227 1851 1513 1948 nummatus

361 2179 382 2230 ³
501 2148 610 2245 :igion
630 2168 677 2223 est
695 2177 792 2240 nuper
811 2159 841 2221 iu
856 2157 973 2222 ienensi
992 2158 1208 2240 piaiiolngorum
1230 2164 1375 2218 oaruata
1390 2153 1524 2235 quaestio
1539 2155 1576 2215 de

408 2267 527 2332 indiciis
547 2263 826 2338 aeroma-astuosa),
848 2280 955 2342 resque
974 2261 1147 2332 neaaaaudiae,
1166 2277 1242 2338 onae
1259 2259 1296 2321 aa
1311 2258 1361 2329 iis,
1382 2257 1433 2339 qni
1452 2257 1577 2319 anatoliae.

409 2371 440 2434 iu
461 2370 567 2432 enatem
586 2375 761 2445 aaa-guanero
777 2364 980 2438 elatmraauat,
1001 2371 1051 2426 aut
1065 2361 1295 2444 praetermissae
1310 2371 1360 2424 am
1375 2360 1474 2423 inians
1489 2378 1576 2422 amn-

409 2483 473 2538 rade
486 2479 625 2535 tractatae
638 2469 816 2541 videremur,
830 2468 929 2528 desino
942 2467 971 2528 iu
984 2464 1227 2548 disceptantium-aa
1240 2474 1358 2526 rouuae
1369 2473 1449 2538 sarrit,
1460 2471 1578 2526 suetos-e

411 2575 571 2637 Tiaemiore
590 2570 730 2648 lierpiaio,
749 2569 812 2630 siro
829 2567 1099 2648 praestantissimo,
1121 2586 1218 2646 tiaeque
1233 2567 1333 2630 miuus
1350 2565 1446 2628 iudicii
1463 2567 1577 2629 satiati-

411 2684 470 2739 tate
489 2695 578 2756 onam
598 2671 751 2734 aiaaetrinae
766 2671 901 2733 taltortate
916 2670 1095 2752 eonspieuo,
1113 2691 1129 2732 a
1145 2688 1204 2751 quo
1220 2688 1311 2750 aptatam
1327 2688 1420 2730 aronae
1435 2670 1578 2750 aparaedam

317 2814 319 2817 -
411 2777 599 2840 eerraieeturae
615 2781 876 2856 proponerentur,
897 2790 960 2834 non
980 2772 1139 2836 «tantaene
1157 2772 1277 2854 «paridem
1297 2771 1347 2852 apd
1363 2771 1462 2834 statim
1478 2781 1580 2834 eordaa

412 2877 559 2949 dinerent,
575 2877 628 2939 ost
644 2876 683 2938 ita
699 2885 812 2948 taurian,
827 2883 860 2935 ut
874 2891 936 2936 non
953 2872 1025 2936 satis
1040 2874 1077 2936 ad
1093 2873 1193 2937 ιιιιιιιίι
1208 2873 1401 2954 respondisse
1419 2874 1580 2936 rideantur.

414 2980 499 3044 diane
514 2980 554 3043 ob
570 2997 691 3042 oausam
708 2996 776 3049 aros,
796 2975 846 3056 oui
862 2975 1006 3038 iuteresse
1021 2994 1123 3039 eoram
1139 2975 1356 3058 disputantibus
1371 2993 1432 3037 nou
1449 2975 1581 3056 potatori-

363 3124 366 3128 -
416 3099 499 3154 sarus,
520 3081 576 3144 hae
596 3097 678 3143 aune
695 3087 816 3141 uteaaar
835 3075 982 3140 scrita-udi
1004 3079 1240 3160 opportunitate,
1262 3086 1295 3140 at
1314 3087 1447 3140 neutram
1463 3095 1582 3158 spuetque

415 3181 592 3245 seutentiam
615 3181 840 3263 interponamus
859 3188 889 3241 et
907 3198 982 3258 epam
997 3179 1123 3243 rarissime
1137 3181 1173 3244 ad
1189 3199 1252 3242 rem
1267 3178 1415 3260 pertinere
1431 3178 1585 3243 rideantur

414 3300 637 3366 eupromamus.
672 3282 790 3344 i‘ersata
811 3288 859 3342 est
877 3288 976 3343 autem
993 3281 1093 3344 attritis
1109 3281 1152 3344 iila
1168 3281 1327 3364 disputatio
1345 3281 1491 3363 imprimis
1506 3281 1582 3345 eirea

416 3405 574 3451 aaaameram
599 3404 634 3448 ae
654 3393 832 3466 potestatem
851 3383 1056 3450 ladiastaanm.
1083 3403 1173 3466 apuam
1198 3395 1402 3466 epaaaaeaeretur,
1424 3382 1584 3446 totidemae

414 3491 472 3553 iam
488 3511 505 3551 a
520 3489 630 3552 Sidam
645 3485 772 3550 instituti
787 3494 898 3555 esseut,
915 3493 990 3567 ‹poot
1005 3484 1211 3568 Aristophanis
1226 3498 1255 3550 et
1270 3496 1422 3550 oratorum
1439 3487 1582 3570 tempori-

415 3593 473 3655 aas
498 3591 590 3656 tuisne
610 3589 826 3671 corruerimus,
852 3595 1091 3670 potestatemque
1111 3589 1168 3652 iaia
1189 3590 1225 3653 ala
1247 3590 1329 3652 initio
1348 3591 1471 3654 carnatem
1494 3611 1582 3673 spatam

416 3705 519 3776 postea
538 3693 727 3767 innuissent,
752 3712 790 3757 an
811 3691 928 3755 aaiaoae
947 3689 1018 3755 olim
1040 3711 1166 3756 rauraaero
1185 3714 1219 3756 ae
1234 3703 1379 3775 potestate
1394 3693 1534 3766 inissent,
1554 3705 1581 3756 et

417 3797 582 3878 posteriore
600 3799 719 3861 denium
741 3807 876 3878 tempore
897 3815 990 3878 apuam
1011 3797 1111 3877 piures
1128 3797 1211 3870 iacti,
1231 3806 1294 3859 tum
1311 3796 1374 3859 iure
1389 3815 1423 3858 ae
1437 3806 1584 3877 potestate

417 3899 494 3962 aucti
523 3911 633 3964 essent.
675 3902 718 3963 ae
743 3899 860 3981 demini
889 3898 1010 3981 quidem
1037 3917 1155 3962 suasam
1181 3898 1391 3982 disputationis
1417 3899 1488 3962 haee
1514 3899 1583 3964 iirit:

419 4021 554 4082 magnam
569 4003 649 4066 iliam
664 4003 839 4066 isatieiurum
854 4001 1076 4065 heliasticoruna
1092 4004 1307 4076 auctoritatem,
1322 4011 1351 4064 et
1366 4001 1582 4065 multitudinem

418 4122 534 4177 eoram,
549 4105 601 4184 qai
616 4105 776 4186 quotannis
790 4103 888 4167 sortiti
902 4102 933 4166 in
948 4105 1016 4166 albo
1034 4103 1164 4168 indimus
1177 4105 1418 4178 inscriberentur,
1434 4105 1583 4185 aliquanto

419 4204 613 4268 rependerem
632 4227 699 4269 esse
714 4207 835 4271 Solonis
854 4215 958 4269 aetate.
993 4205 1080 4270 linae
1099 4206 1178 4271 enim
1197 4207 1419 4290 aaragistratiians
1439 4225 1505 4269 eam
1526 4225 1582 4287 po-

420 4315 572 4383 testatem,
592 4318 626 4370 nt
643 4327 748 4372 causas
768 4310 805 4373 ad
825 4331 859 4372 se
873 4309 983 4372 delatas
1004 4306 1060 4390 ipsi
1080 4311 1168 4373 etiam
1189 4309 1394 4382 diiudicarent,
1415 4308 1492 4372 sicat
1512 4308 1581 4370 oiim

383 4419 400 4470 t
421 4407 593 4485 minuant,
608 4409 647 4473 ita
661 4412 775 4493 aphes
790 4413 854 4476 sais
867 4410 1034 4494 reliquisse,
1049 4412 1108 4476 hoo
1124 4432 1183 4477 uno
1200 4420 1432 4494 ternpernmentn
1444 4409 1583 4485 adhibito,

420 4560 511 4573 own..
560 4567 568 4574 .
606 4568 631 4578 n·-

494 4652 517 4714 tt
535 4650 745 4719 Verbmdiunpen
762 4657 809 4708 der
825 4665 935 4711 mantra
952 4658 1146 4725 Verennianus
1162 4655 1472 4724 romacianensis,
1492 4653 1582 4706 uetat-

419 4737 526 4792 nitur
536 4739 587 4792 md
599 4738 781 4795 Orientalium
794 4741 950 4811 (immi)
963 4761 988 4814 p.
1000 4745 1111 4798 ‘ts-td.
