3792 5609
1017 733 1038 796 8

300 903 304 913 ¹
434 923 506 986 ocri
524 932 650 984 veterem
665 939 748 982 suam
767 921 943 1002 metropolin
955 921 1065 984 listom
1080 921 1251 992 anrisemnt.
1267 927 1304 997 tr.
1322 924 1372 991 lbi
1383 943 1418 985 es
1429 924 1516 987 alters
1528 933 1611 1005 perte

435 1025 574 1092 Siculus.
601 1043 669 1087 cum
689 1023 799 1104 quibus
820 1023 911 1086 lelicin
931 1023 1004 1088 bella
1024 1035 1180 1106 gesserunt
1192 1035 1223 1088 et
1236 1026 1320 1107 plura
1334 1025 1474 1107 deinceps
1488 1025 1554 1088 loca
1567 1025 1610 1088 eis

436 1127 625 1210 eripuerunt.
659 1126 695 1188 lit
706 1125 835 1207 primunr
852 1127 971 1208 qtritlem
986 1119 1060 1210 ἱερά
1073 1148 1127 1204 τις
1139 1123 1324 1206 &cilicino
1338 1121 1459 1212 νεότης.
1474 1129 1503 1190 Ιι.
1519 1147 1544 1190 e.
1561 1145 1612 1188 ror

438 1249 573 1296 sacrum.
590 1229 706 1290 Siculos
722 1229 862 1310 repressit
878 1231 1097 1312 facilioremque
1111 1231 1232 1312 reliquis
1248 1231 1397 1294 victoriam
1413 1229 1481 1293 lecit
1491 1235 1530 1305 (c.
1543 1231 1610 1303 tut.

439 1333 516 1396 [lein
532 1331 643 1412 Pelasgi
659 1331 768 1394 oraculi
780 1331 930 1396 lioolomci
945 1334 1061 1397 monitu
1076 1355 1093 1396 e
1107 1333 1227 1398 Graecia
1242 1333 1365 1415 proiecti
1379 1333 1498 1396 easelern
1512 1331 1610 1412 regio·

395 1450 415 1500 8
440 1454 500 1498 nes
515 1453 662 1517 orrirpare
676 1443 846 1517 noemmin,
869 1436 1037 1518 receptique
1052 1436 1082 1498 iu
1096 1437 1293 1517 Aboriginum
1307 1435 1477 1500 societatem
1492 1445 1612 1500 strenue

440 1549 474 1602 et
494 1539 613 1602 leliciter
631 1539 758 1602 cumeis
777 1549 879 1602 cerina
894 1539 1013 1603 Similes
1027 1539 1172 1603 bellarunt
1186 1545 1230 1615 lc
1250 1539 1414 1612 tt-tlt.
1434 1539 1532 1602 denec
1545 1547 1610 1602 tsn-

440 1645 513 1706 elem
535 1643 623 1706 Siculi
648 1642 696 1705 bis
721 1643 795 1705 locis
820 1653 849 1706 et
866 1663 937 1706 mox
957 1644 1044 1706 etiam
1064 1643 1200 1706 universa
1219 1642 1298 1706 ltalia
1320 1641 1397 1722 pulsi
1420 1641 1450 1703 in
1473 1641 1610 1714 insulem,

440 1765 522 1828 «pirae
546 1747 583 1808 ab
610 1747 744 1828 ipsomm
770 1758 873 1828 postea
899 1746 1020 1808 nomine
1046 1747 1122 1808 elicta
1147 1755 1206 1819 est,
1237 1743 1368 1826 plerique
1398 1743 1612 1807 lmnsircerunt

441 1854 485 1926 (c.
500 1849 574 1922 22).
616 1849 712 1912 lluius
728 1849 903 1912 narrationis
918 1869 951 1910 ea
967 1867 1046 1929 pars,
1061 1867 1138 1930 quae
1152 1857 1198 1911 ost
1211 1847 1248 1910 tle
1262 1847 1456 1927 Aboriginum
1472 1865 1539 1909 etim
1556 1847 1611 1908 Sa·

444 1951 526 2014 binis
544 1961 572 2014 et
591 1971 660 2014 enm
675 1951 782 2014 Siculis
798 1951 880 2014 bellis
895 1950 1023 2014 dubitari
1039 1969 1099 2013 non
1114 1959 1215 2032 potest
1228 1949 1328 2030 ‹prtine
1342 1948 1474 2012 Varrone
1487 1947 1611 2029 potissi·

445 2073 546 2126 mum,
566 2073 653 2136 ouem
675 2054 740 2135 ipse
753 2053 910 2138 Dionysius
930 2054 966 2116 ele
985 2053 1092 2135 priscis
1107 2051 1303 2134 Aboriginum
1321 2051 1442 2114 ouium
1461 2059 1612 2114 annonem

445 2155 555 2228 lartum,
575 2167 662 2239 atque
675 2175 712 2219 ex
726 2156 836 2219 Catone
850 2157 955 2218 bansta
969 2155 1018 2226 sit,
1037 2173 1127 2236 qrrem
1141 2155 1179 2216 de
1194 2153 1389 2234 Aboriginum
1404 2152 1613 2216 certaminibus

445 2280 517 2324 tum
540 2259 657 2323 Sabinis
682 2259 840 2340 scripsisse
866 2259 934 2322 alibi
961 2266 1092 2322 testatur.
1136 2258 1179 2321 Ex
1201 2257 1349 2320 llellnnino
1375 2277 1477 2320 earnm
1502 2275 1611 2331 rerum,

446 2383 526 2445 oriae.
540 2384 556 2426 a
572 2363 658 2425 nobis
674 2363 765 2426 morlo
780 2361 885 2425 relatae
900 2368 980 2433 sunt,
994 2359 1068 2424 nibil
1083 2359 1168 2442 plane
1182 2358 1349 2440 sumpsisse
1364 2357 1490 2423 ritletur:
1517 2379 1614 2444 neque

445 2466 529 2528 errius
549 2475 762 2528 conrmemorat
775 2484 843 2528 corn
858 2463 915 2528 nisi
931 2473 1002 2544 post
1015 2463 1104 2526 linem
1119 2461 1310 2537 narrationis,
1333 2461 1385 2526 ubi
1400 2461 1568 2527 Siculomm
1584 2463 1616 2528 in

447 2569 578 2632 Siciliam
605 2569 809 2650 migrationem
835 2568 872 2632 ab
892 2566 1039 2630 llellanico
1066 2566 1097 2630 in
1122 2567 1206 2630 tertia
1230 2577 1298 2630 ante
1321 2565 1430 2630 bobum
1453 2564 1615 2631 Troianum

446 2681 542 2735 aetate
561 2673 695 2736 collocari
715 2671 794 2736 elicit
838 2669 995 2752 llllyrsilo
1015 2680 1113 2734 nutem
1133 2669 1204 2751 guill
1223 2669 1385 2750 sumpserit
1399 2669 1463 2750 ipsc
1477 2669 1549 2732 satis
1564 2689 1615 2732 ae-

449 2783 550 2838 curate
565 2775 673 2838 ioelicat
684 2795 710 2838 e.
722 2775 773 2838 2³.
799 2775 880 2850 Quae
894 2773 974 2836 eninr
989 2772 1038 2836 bic
1052 2773 1090 2836 ilc
1102 2773 1323 2854 Tyrrhenorum
1337 2791 1373 2835 ex
1387 2771 1466 2835 ltalia
1480 2770 1511 2834 in
1523 2773 1615 2837 Grae·

450 2879 529 2942 ciam
543 2877 719 2958 migratione
732 2885 910 2950 narraverat,
934 2895 1022 2958 quam
1039 2875 1079 2938 ob
1094 2894 1213 2938 causam
1228 2885 1258 2938 et
1271 2894 1330 2956 quo
1346 2875 1437 2938 morlo
1451 2875 1615 2949 accidisset,

449 2983 525 3044 baec
538 2981 694 3063 Dionysius
716 2981 745 3043 in
760 2979 899 3058 Pelasgos
919 2999 992 3042 suos
1012 2978 1175 3047 transtulit.
1195 2997 1272 3059 qeins
1286 2978 1409 3041 eusdem
1424 2998 1493 3042 cnm
1507 2979 1616 3061 Myrsili

450 3085 613 3166 'l’yrrlrenis
639 3103 706 3146 esse
731 3082 788 3145 sibi
814 3089 1008 3164 persuaserat
1051 3081 1093 3144 lle
1110 3079 1235 3144 adventu
1255 3090 1353 3144 autern
1373 3081 1565 3161 l'elasgomm
1587 3091 1617 3144 et

448 3187 489 3249 ele
516 3186 652 3249 societate
679 3205 746 3248 cum
774 3184 986 3264 Aboriginibus
1011 3202 1100 3265 qoem
1125 3195 1276 3246 auctorem
1303 3190 1447 3265 seepmtus
1474 3183 1526 3252 sit,
1554 3201 1616 3246 non

448 3295 674 3352 commemorat.
718 3287 775 3350 seo
798 3287 857 3350 sire
876 3288 948 3349 baec
967 3287 1032 3368 ipse
1051 3296 1239 3350 commentus
1259 3285 1311 3356 sit,
1332 3287 1393 3348 sire
1412 3286 1491 3367 aprud
1508 3285 1616 3349 Varro·

448 3409 534 3460 nem,
554 3391 614 3452 sire
633 3389 713 3472 apuel
733 3390 876 3451 limorum
897 3389 1064 3471 qrrempiam
1084 3389 1262 3470 scriptorem
1283 3387 1437 3461 invenerit,
1456 3388 1529 3451 nibil
1549 3386 1618 3450 lacit

446 3495 486 3556 ael
503 3511 573 3556 rem.
618 3492 692 3556 Nam
712 3491 846 3572 nummis
867 3500 976 3553 temon
990 3491 1131 3572 Pelasgos
1145 3491 1358 3572 Aboriginibus
1379 3489 1479 3554 socios
1493 3509 1511 3553 e
1525 3491 1616 3554 Grac·

449 3596 495 3658 cia
521 3594 630 3658 accitos
655 3604 685 3656 et
710 3595 783 3657 laiso
810 3613 878 3656 cunr
906 3589 1068 3676 Tyrrhenis
1094 3604 1278 3677 penuutatos
1304 3593 1518 3663 concedamus,
1545 3595 1617 3658 nibil

450 3709 548 3760 tamen
569 3697 627 3760 boc
646 3699 738 3761 saleru
757 3697 906 3780 potestati
921 3696 1088 3760 cleramlmn
1103 3698 1180 3760 illam
1196 3697 1376 3760 narrationis
1391 3705 1520 3779 partem,
1543 3717 1618 3778 «puae

450 3808 498 3861 est
524 3801 561 3862 (le
580 3800 772 3880 Aboriginum
798 3821 814 3863 a
834 3799 941 3863 Siculis
967 3799 1134 3865 diversitate
1159 3802 1254 3882 oeque
1279 3819 1384 3864 eornm
1411 3800 1495 3862 bellis
1514 3811 1617 3864 contra

452 3901 582 3964 Sabinos
596 3911 626 3962 et
640 3913 741 3965 contra
757 3903 874 3966 Siculos
889 3903 989 3982 gestis.
1027 3904 1101 3967 llam
1117 3905 1189 3967 baec
1203 3904 1321 3986 «guidem
1337 3902 1437 3967 omnia
1451 3903 1526 3966 bene
1542 3903 1618 3966 inter

453 4024 487 4066 se
507 4005 676 4072 cohaerent,
698 4015 727 4066 et
747 4005 772 4068 si
791 4004 861 4086 quid
882 4006 1033 4069 turbatum
1047 4017 1094 4068 est
1109 4007 1240 4087 l‘elasgis
1254 4004 1403 4073 admistis,
1426 4007 1486 4068 boc
1498 4007 1618 4088 quidem

452 4105 599 4168 eiusmodi
619 4117 679 4176 est,
698 4117 730 4169 ut
751 4107 831 4171 facile
850 4107 988 4190 explicari
1008 4109 1106 4190 pomit
1125 4127 1220 4190 neque
1234 4127 1369 4171 summae
1382 4107 1423 4170 rei
1439 4107 1619 4171 intellectum

454 4206 604 4288 impediat.

540 4309 584 4371 Au
606 4309 819 4374 defendentium
840 4312 1014 4394 llionysinnr
1035 4311 1107 4376 satis
1127 4313 1218 4375 nobis
1236 4310 1347 4374 elisisse
1367 4311 1514 4374 ridemur:
1534 4313 1618 4376 atot-

327 4425 329 4427 ·
454 4411 514 4474 turi
529 4411 616 4474 etiarn
630 4411 738 4494 aliquid
756 4432 874 4478 eramus
893 4415 930 4478 de
948 4417 1111 4479 Gnscomm
1130 4426 1160 4478 et
1174 4414 1348 4478 Priscomm
1362 4413 1618 4496 appellationibus,

454 4531 580 4596 quarum
600 4515 720 4578 alteram
739 4515 852 4580 duilonr
868 4518 957 4582 ltalus
976 4518 1096 4600 «puidam
1112 4517 1276 4582 Stanislaus
1291 4516 1421 4580 Bnrdetti
1437 4517 1468 4580 in
1481 4515 1558 4580 libro
1573 4519 1622 4582 olei

451 4618 548 4700 primi
565 4616 703 4681 nlitotori
720 4616 837 4682 ‹l'ltolio
852 4619 981 4685 llutinae
998 4621 1077 4684 eelito
1096 4639 1164 4685 ann.
1186 4619 1266 4683 1769
1285 4639 1321 4684 ac
1333 4639 1430 4702 nuper
1443 4620 1533 4686 etism
1546 4619 1617 4684 Nie-

452 4717 594 4794 belinus,
613 4719 732 4784 alterm
752 4731 851 4786 autem
870 4722 920 4786 bic
937 4723 1054 4807 primus
1072 4721 1286 4803 Aboriginibus
1307 4731 1446 4806 unquam
1465 4722 1618 4808 propriam
