3792 5609
504 1868 736 1966 nuruum
768 1868 973 1966 Hostum
1004 1871 1123 1965 num
1153 1867 1448 1964 ROMANORUM.

360 2175 376 2226 ³
469 2160 553 2250 iiuae
563 2177 600 2238 de
611 2174 716 2257 primis
726 2175 875 2238 bonianae
888 2175 927 2237 roi
940 2175 1073 2256 pubiieue
1085 2175 1272 2258 trnrporibus
1284 2173 1362 2256 epod
1371 2183 1483 2234 ueteres
1494 2171 1559 2234 bis·

400 2277 510 2340 torieos
526 2279 661 2360 leguntur
681 2278 725 2340 rix
740 2278 897 2360 quisquam
913 2278 1001 2340 bodie
1015 2278 1188 2341 diffitebitur
1202 2279 1340 2360 ploraque
1354 2275 1454 2339 onmia
1469 2275 1500 2338 iu
1515 2277 1558 2338 fa·

394 2377 469 2442 bulis
484 2383 665 2446 numeranda
680 2403 760 2453 osse,
780 2400 854 2464 quae
870 2382 1004 2462 quamuis
1019 2381 1165 2462 probabili
1181 2382 1307 2464 quadam
1328 2380 1425 2462 speeie
1439 2379 1560 2442 indutae

397 2494 521 2566 tntaque
543 2485 733 2548 concinnatae
757 2485 830 2556 sint,
857 2485 954 2548 irridere
976 2493 1074 2547 tamen
1093 2485 1152 2546 uisi
1171 2485 1326 2566 imperitos
1345 2501 1408 2546 non
1430 2483 1558 2564 possint,

398 2588 589 2664 prudentibus
616 2597 713 2649 autem
741 2597 821 2649 tanto
849 2587 941 2668 magis
964 2588 1140 2650 adulteratae
1161 2597 1190 2648 et
1216 2609 1232 2649 a
1258 2587 1356 2670 prisea
1380 2595 1410 2648 et
1434 2585 1559 2666 genuina

399 2687 489 2754 surma
504 2691 631 2753 detiexae
646 2691 734 2752 vitiari
750 2690 883 2761 debeant,
899 2699 1010 2771 quanto
1026 2690 1119 2771 magis
1135 2709 1218 2754 verae
1232 2688 1374 2752 historiae
1389 2687 1559 2752 simttnout-

399 2809 462 2855 uem
477 2795 629 2858 imitentur
640 2797 678 2872 ¹).
709 2793 910 2868 Quamobrem
927 2792 953 2854 si
968 2793 1035 2875 spuis
1051 2793 1156 2855 veteris
1171 2792 1331 2856 memoriae
1343 2791 1471 2872 uestigia,
1487 2812 1558 2874 pas·

400 2893 452 2958 um
467 2899 543 2962 baud
558 2897 649 2960 dubio
663 2897 720 2959 sub
735 2897 782 2960 bis
798 2895 958 2960 involucris
972 2896 1097 2969 latentia,
1113 2897 1248 2978 detegere
1259 2897 1384 2969 stodeat,
1400 2896 1480 2958 bone
1491 2906 1559 2958 ante

401 3001 508 3072 omnia,
533 2999 623 3064 iaiiaci
644 3001 689 3063 iiia
711 3000 807 3082 speeie
827 3001 957 3063 detracta
977 3001 1132 3081 striutaque
1151 2999 1370 3080 compositione
1388 2997 1557 3070 artificiosa.

400 3101 506 3168 tabulas
526 3106 623 3187 ipsas,
650 3103 891 3185 nouissimum,
918 3112 1074 3186 antequam
1095 3103 1125 3166 in
1145 3103 1222 3166 bano
1241 3103 1367 3165 tonnam
1388 3101 1559 3165 tralaticium

399 3203 624 3289 didiugrrentun
645 3207 826 3288 investigare,
847 3207 952 3270 deinde
968 3206 997 3269 in
1012 3226 1117 3270 rausas
1134 3207 1298 3269 tabidarum
1314 3205 1472 3288 inquirere,
1489 3214 1518 3266 et
1534 3205 1558 3266 si

399 3309 464 3388 quid
479 3312 555 3374 torte
568 3331 653 3374 verae
667 3311 827 3374 rnernorine
842 3311 989 3374 inclusum
1006 3310 1044 3373 sit
1058 3329 1161 3372 eruere
1175 3310 1271 3392 quoad
1287 3309 1385 3392 possit
1400 3307 1558 3392 oportebit.

399 3409 476 3476 ilaue
498 3425 597 3476 autern
621 3414 838 3476 vetustissimae
865 3413 1007 3477 historiae
1031 3413 1181 3476 Romanae
1206 3411 1406 3476 conditionem
1436 3412 1559 3494 eiusque

398 3517 558 3580 tractandae
578 3515 722 3578 rationem
742 3535 835 3597 quum
856 3515 1000 3578 studiosis
1015 3516 1265 3587 auotesoeouuue,
1286 3515 1394 3597 quibus
1409 3517 1468 3579 boc
1483 3525 1559 3578 tenr-

398 3633 466 3694 poro
479 3619 667 3700 antiquitates
679 3619 828 3682 bornanae
843 3640 860 3680 a
876 3639 923 3681 nro
938 3619 1104 3690 traduntur,
1119 3619 1324 3682 demonstrare
1339 3618 1446 3681 idoneo
1462 3619 1559 3700 aliquo

399 3721 526 3802 eaenrpio
546 3741 699 3802 euperem,
720 3721 868 3804 imprimis
887 3722 1108 3785 aeotrmmodata
1124 3721 1193 3784 irrue
1207 3721 1332 3784 consilio
1347 3718 1408 3782 risa
1423 3729 1469 3783 est
1484 3721 1560 3785 run

401 3819 510 3886 iiostiiii
530 3809 668 3898 historia,
689 3825 798 3908 quippe
818 3843 891 3906 quae
911 3835 939 3887 et
955 3806 1127 3905 pertraetari
1142 3843 1204 3886 non
1219 3822 1309 3886 nimie
1323 3824 1410 3902 longa
1424 3822 1560 3903 disputa·

401 3923 476 3987 tione
495 3928 651 3990 mammode
669 3929 780 4010 possit.
800 3945 895 4009 neque
913 3926 1138 4008 explicationem
1159 3928 1265 3990 babeat
1278 3925 1439 3989 admodum
1454 3924 1560 3988 didici·

401 4024 463 4099 ienr,
479 4029 575 4109 siupne
590 4031 694 4108 partim
711 4051 778 4094 eum
795 4029 868 4110 ipsis
883 4029 968 4092 orbis
982 4030 1167 4094 inoonabulis
1183 4047 1324 4101 connexa,
1339 4026 1447 4109 partim
1463 4037 1561 4090 autem

400 4128 434 4190 ad
448 4129 476 4191 id
492 4139 611 4210 tempos
626 4131 776 4211 pertineat,
792 4152 884 4214 quom
899 4133 1029 4194 duorum
1041 4151 1144 4212 rogum
1156 4128 1299 4194 institutis
1311 4129 1459 4209 rebusque
1470 4129 1561 4208 gestis

401 4231 516 4294 fundata
536 4251 584 4293 res
599 4232 713 4313 publiea
728 4233 784 4297 iam
800 4235 887 4316 primi
904 4233 951 4296 sui
966 4233 1074 4297 saeculi
1088 4233 1249 4296 terminum
1262 4231 1426 4312 attingeret.
1462 4229 1563 4312 itaque

403 4357 666 4369 Ι-ι-«οι-υι-ι-ισα-..ιυαι
693 4363 698 4368 .

466 4423 501 4486 Γ)
520 4419 574 4474 iiae
586 4420 701 4474 iadieima
713 4438 858 4491 ensemque
870 4440 949 4478 nerra
961 4425 994 4478 de
1006 4423 1083 4477 'fuito
1093 4423 1202 4476 Hostilio
1213 4421 1407 4491 disputationem
1416 4421 1484 4474 ibi).
1495 4419 1561 4474 Ger·

401 4504 495 4556 iaeidas
514 4519 662 4574 magnopere
678 4507 726 4558 sibi
741 4508 875 4575 disptieere
887 4511 973 4562 uultis
985 4519 1013 4562 et
1024 4509 1159 4563 invectivis
1171 4508 1257 4560 verbis
1270 4514 1393 4570 testato,
1410 4507 1476 4559 ttna
1489 4506 1561 4559 Rara.

402 4589 428 4654 1,
439 4590 455 4640 2
468 4606 492 4657 p.
504 4589 538 4640 98
551 4607 605 4658 sqq.
640 4589 693 4644 Ner
709 4593 798 4644 niro·
815 4593 888 4646 bilem
904 4594 971 4646 bauo
986 4596 1042 4648 viro
1058 4601 1151 4647 noun
1168 4608 1239 4658 ease,
1256 4595 1298 4662 qui
1314 4608 1415 4658 eamn,
1431 4608 1495 4662 quoa
1512 4607 1561 4657 eso

400 4674 529 4742 inperitos
541 4675 601 4741 tut,
614 4691 671 4728 aeae
683 4677 818 4745 principem
829 4687 959 4743 maereat.
993 4679 1130 4732 virttem
1142 4678 1221 4744 igitur
1231 4678 1379 4744 tta-tuae·
1390 4693 1460 4731 aar!
1472 4676 1562 4745 quibua

399 4760 480 4827 potuit
490 4759 568 4811 aruir
580 4761 604 4812 h.
616 4777 640 4814 e.
653 4762 775 4830 pronum
787 4769 891 4815 eantm
902 4764 967 4829 eat]
