<?xml version="1.0" encoding="UTF-8"?>
<!DOCTYPE html PUBLIC "-//W3C//DTD XHTML 1.0 Transitional//EN"
    "http://www.w3.org/TR/xhtml1/DTD/xhtml1-transitional.dtd">
<html xmlns="http://www.w3.org/1999/xhtml" xml:lang="en" lang="en">
 <head>
  <title>
</title>
<meta http-equiv="Content-Type" content="text/html;charset=utf-8" />
  <meta name='ocr-system' content='tesseract 3.04.00' />
  <meta name='ocr-capabilities' content='ocr_page ocr_carea ocr_par ocr_line ocrx_word'/>
</head>
<body>
  <div class='ocr_page' id='page_1' title='image "./opusculaacademi02schgoog_0183.png"; bbox 0 0 3792 5609; ppageno 0'>
   <div class='ocr_carea' id='block_1_1' title="bbox 940 810 1001 875">
    <p class='ocr_par' dir='ltr' id='par_1_1' title="bbox 940 810 1001 875">
     <span class='ocr_line' id='line_1_1' title="bbox 940 810 1001 875; baseline 0.066 -4"><span class='ocrx_word' id='word_1_1' title='bbox 940 810 1001 875; x_wconf 74' lang='lat' dir='ltr'><strong>lbi</strong></span> 
     </span>
    </p>
   </div>
   <div class='ocr_carea' id='block_1_2' title="bbox 872 896 1072 909">
    <p class='ocr_par' dir='ltr' id='par_1_2' title="bbox 872 896 1072 909">
     <span class='ocr_line' id='line_1_2' title="bbox 872 896 1072 909; baseline 0 -1"><span class='ocrx_word' id='word_1_2' title='bbox 872 896 1072 909; x_wconf 57' lang='grc' dir='ltr'><em>Ἣ</em></span> 
     </span>
    </p>
   </div>
   <div class='ocr_carea' id='block_1_3' title="bbox 356 993 1562 2737">
    <p class='ocr_par' dir='ltr' id='par_1_3' title="bbox 356 993 1562 2737">
     <span class='ocr_line' id='line_1_3' title="bbox 382 993 1556 1081; baseline 0.003 -24"><span class='ocrx_word' id='word_1_3' title='bbox 382 993 549 1059; x_wconf 76' lang='lat' dir='ltr'><strong>ductorum</strong></span> <span class='ocrx_word' id='word_1_4' title='bbox 563 994 663 1059; x_wconf 83' lang='lat' dir='ltr'><strong>visum</strong></span> <span class='ocrx_word' id='word_1_5' title='bbox 682 1014 765 1071; x_wconf 66' lang='lat' dir='ltr'><strong>essee</strong></span> <span class='ocrx_word' id='word_1_6' title='bbox 784 996 838 1061; x_wconf 82' lang='lat' dir='ltr'><strong>set</strong></span> <span class='ocrx_word' id='word_1_7' title='bbox 853 999 994 1081; x_wconf 88' lang='lat' dir='ltr'><strong>supplere</strong></span> <span class='ocrx_word' id='word_1_8' title='bbox 1009 998 1074 1063; x_wconf 88' lang='lat' dir='ltr'><strong>eius</strong></span> <span class='ocrx_word' id='word_1_9' title='bbox 1089 998 1269 1063; x_wconf 74' lang='lat' dir='ltr'><strong>narrationis</strong></span> <span class='ocrx_word' id='word_1_10' title='bbox 1284 998 1458 1063; x_wconf 79' lang='lat' dir='ltr'><strong>breuitatem</strong></span> <span class='ocrx_word' id='word_1_11' title='bbox 1469 1018 1505 1063; x_wconf 81' lang='lat' dir='ltr'><strong>ex</strong></span> <span class='ocrx_word' id='word_1_12' title='bbox 1519 998 1556 1063; x_wconf 91' lang='lat' dir='ltr'><strong>iis</strong></span> 
     </span>
     <span class='ocr_line' id='line_1_4' title="bbox 379 1096 1557 1189; baseline 0.003 -29"><span class='ocrx_word' id='word_1_13' title='bbox 379 1096 497 1171; x_wconf 79' lang='lat' dir='ltr'><strong>licebit.</strong></span> <span class='ocrx_word' id='word_1_14' title='bbox 517 1116 595 1179; x_wconf 82' lang='lat' dir='ltr'><strong>quae</strong></span> <span class='ocrx_word' id='word_1_15' title='bbox 609 1120 626 1161; x_wconf 87' lang='lat' dir='ltr'><strong>a</strong></span> <span class='ocrx_word' id='word_1_16' title='bbox 642 1100 803 1173; x_wconf 76' lang='lat' dir='ltr'><strong>Pausania,</strong></span> <span class='ocrx_word' id='word_1_17' title='bbox 824 1100 873 1165; x_wconf 89' lang='lat' dir='ltr'><strong>lib.</strong></span> <span class='ocrx_word' id='word_1_18' title='bbox 890 1101 940 1165; x_wconf 81' lang='lat' dir='ltr'><strong>h&#39;ll</strong></span> <span class='ocrx_word' id='word_1_19' title='bbox 956 1122 981 1165; x_wconf 87' lang='lat' dir='ltr'><strong>e..</strong></span> <span class='ocrx_word' id='word_1_20' title='bbox 1004 1105 1035 1178; x_wconf 89' lang='lat' dir='ltr'><strong>l,</strong></span> <span class='ocrx_word' id='word_1_21' title='bbox 1055 1104 1239 1189; x_wconf 79' lang='lat' dir='ltr'><strong>referuntur:</strong></span> <span class='ocrx_word' id='word_1_22' title='bbox 1265 1102 1413 1175; x_wconf 80' lang='lat' dir='ltr'><strong>Xuthum,</strong></span> <span class='ocrx_word' id='word_1_23' title='bbox 1428 1101 1557 1167; x_wconf 88' lang='lat' dir='ltr'><strong>llellenis</strong></span> 
     </span>
     <span class='ocr_line' id='line_1_5' title="bbox 380 1200 1558 1287; baseline 0.004 -24"><span class='ocrx_word' id='word_1_24' title='bbox 380 1200 497 1273; x_wconf 82' lang='lat' dir='ltr'><strong>hlium,</strong></span> <span class='ocrx_word' id='word_1_25' title='bbox 516 1222 535 1263; x_wconf 86' lang='lat' dir='ltr'><strong>a</strong></span> <span class='ocrx_word' id='word_1_26' title='bbox 555 1201 696 1265; x_wconf 77' lang='lat' dir='ltr'><strong>iratribus</strong></span> <span class='ocrx_word' id='word_1_27' title='bbox 711 1206 761 1278; x_wconf 75' lang='lat'><strong>¹³)</strong></span> <span class='ocrx_word' id='word_1_28' title='bbox 779 1203 934 1268; x_wconf 83' lang='lat' dir='ltr'><strong>Thessalia</strong></span> <span class='ocrx_word' id='word_1_29' title='bbox 953 1208 1095 1271; x_wconf 83' lang='lat' dir='ltr'><strong>exeerlere</strong></span> <span class='ocrx_word' id='word_1_30' title='bbox 1110 1216 1246 1271; x_wconf 82' lang='lat' dir='ltr'><strong>coretum</strong></span> <span class='ocrx_word' id='word_1_31' title='bbox 1262 1206 1292 1269; x_wconf 87' lang='lat' dir='ltr'><strong>in</strong></span> <span class='ocrx_word' id='word_1_32' title='bbox 1307 1206 1432 1270; x_wconf 85' lang='lat' dir='ltr'><strong>Atticam</strong></span> <span class='ocrx_word' id='word_1_33' title='bbox 1448 1206 1558 1287; x_wconf 76' lang='lat' dir='ltr'><strong>fugisse</strong></span> 
     </span>
     <span class='ocr_line' id='line_1_6' title="bbox 380 1305 1557 1385; baseline 0.002 -18"><span class='ocrx_word' id='word_1_34' title='bbox 380 1305 528 1385; x_wconf 62' lang='lat' dir='ltr'><strong>remoque</strong></span> <span class='ocrx_word' id='word_1_35' title='bbox 545 1305 703 1370; x_wconf 74' lang='lat' dir='ltr'><strong>Erechthei</strong></span> <span class='ocrx_word' id='word_1_36' title='bbox 728 1307 818 1369; x_wconf 80' lang='lat' dir='ltr'><strong>liliam</strong></span> <span class='ocrx_word' id='word_1_37' title='bbox 845 1308 875 1371; x_wconf 89' lang='lat' dir='ltr'><strong>in</strong></span> <span class='ocrx_word' id='word_1_38' title='bbox 902 1308 1126 1373; x_wconf 83' lang='lat' dir='ltr'><strong>matrimonium</strong></span> <span class='ocrx_word' id='word_1_39' title='bbox 1153 1310 1283 1374; x_wconf 80' lang='lat' dir='ltr'><strong>eluxisse.</strong></span> <span class='ocrx_word' id='word_1_40' title='bbox 1320 1310 1436 1372; x_wconf 87' lang='lat' dir='ltr'><strong>hlortuo</strong></span> <span class='ocrx_word' id='word_1_41' title='bbox 1459 1318 1557 1371; x_wconf 80' lang='lat' dir='ltr'><strong>auteur</strong></span> 
     </span>
     <span class='ocr_line' id='line_1_7' title="bbox 378 1406 1557 1490; baseline 0.002 -21"><span class='ocrx_word' id='word_1_42' title='bbox 378 1406 569 1482; x_wconf 75' lang='lat' dir='ltr'><strong>Erechtheo,</strong></span> <span class='ocrx_word' id='word_1_43' title='bbox 588 1428 682 1490; x_wconf 81' lang='lat' dir='ltr'><strong>epium</strong></span> <span class='ocrx_word' id='word_1_44' title='bbox 702 1410 779 1472; x_wconf 91' lang='lat' dir='ltr'><strong>iuter</strong></span> <span class='ocrx_word' id='word_1_45' title='bbox 798 1412 864 1474; x_wconf 85' lang='lat' dir='ltr'><strong>eius</strong></span> <span class='ocrx_word' id='word_1_46' title='bbox 880 1411 957 1475; x_wconf 85' lang='lat' dir='ltr'><strong>lilios</strong></span> <span class='ocrx_word' id='word_1_47' title='bbox 973 1412 1010 1475; x_wconf 84' lang='lat' dir='ltr'><strong>do</strong></span> <span class='ocrx_word' id='word_1_48' title='bbox 1025 1413 1216 1476; x_wconf 79' lang='lat' dir='ltr'><strong>suceessione</strong></span> <span class='ocrx_word' id='word_1_49' title='bbox 1230 1420 1405 1485; x_wconf 79' lang='lat' dir='ltr'><strong>sonaretur,</strong></span> <span class='ocrx_word' id='word_1_50' title='bbox 1425 1410 1557 1473; x_wconf 84' lang='lat' dir='ltr'><strong>Xuthum</strong></span> 
     </span>
     <span class='ocr_line' id='line_1_8' title="bbox 380 1510 1558 1597; baseline 0.002 -25"><span class='ocrx_word' id='word_1_51' title='bbox 380 1510 536 1573; x_wconf 72' lang='lat' dir='ltr'><strong>arbitrum</strong></span> <span class='ocrx_word' id='word_1_52' title='bbox 560 1522 716 1595; x_wconf 71' lang='lat' dir='ltr'><strong>surruptum</strong></span> <span class='ocrx_word' id='word_1_53' title='bbox 735 1514 861 1597; x_wconf 81' lang='lat' dir='ltr'><strong>Cecropi</strong></span> <span class='ocrx_word' id='word_1_54' title='bbox 879 1534 1006 1597; x_wconf 70' lang='lat' dir='ltr'><strong>replum</strong></span> <span class='ocrx_word' id='word_1_55' title='bbox 1028 1515 1227 1591; x_wconf 78' lang='lat' dir='ltr'><strong>adiutliessse,</strong></span> <span class='ocrx_word' id='word_1_56' title='bbox 1253 1534 1313 1597; x_wconf 86' lang='lat' dir='ltr'><strong>quo</strong></span> <span class='ocrx_word' id='word_1_57' title='bbox 1338 1513 1446 1577; x_wconf 87' lang='lat' dir='ltr'><strong>iudicio</strong></span> <span class='ocrx_word' id='word_1_58' title='bbox 1465 1532 1558 1595; x_wconf 88' lang='lat' dir='ltr'><strong>quum</strong></span> 
     </span>
     <span class='ocr_line' id='line_1_9' title="bbox 381 1615 1559 1683; baseline 0 -6"><span class='ocrx_word' id='word_1_59' title='bbox 381 1622 505 1677; x_wconf 80' lang='lat' dir='ltr'><strong>eeteros</strong></span> <span class='ocrx_word' id='word_1_60' title='bbox 525 1615 681 1680; x_wconf 79' lang='lat' dir='ltr'><strong>Erechthei</strong></span> <span class='ocrx_word' id='word_1_61' title='bbox 700 1616 778 1681; x_wconf 89' lang='lat' dir='ltr'><strong>lilios</strong></span> <span class='ocrx_word' id='word_1_62' title='bbox 798 1618 857 1681; x_wconf 89' lang='lat' dir='ltr'><strong>sibi</strong></span> <span class='ocrx_word' id='word_1_63' title='bbox 880 1618 1017 1683; x_wconf 85' lang='lat' dir='ltr'><strong>inimicos</strong></span> <span class='ocrx_word' id='word_1_64' title='bbox 1043 1618 1162 1682; x_wconf 81' lang='lat' dir='ltr'><strong>lecisset</strong></span> <span class='ocrx_word' id='word_1_65' title='bbox 1187 1617 1295 1679; x_wconf 89' lang='lat' dir='ltr'><strong>horum</strong></span> <span class='ocrx_word' id='word_1_66' title='bbox 1323 1616 1450 1679; x_wconf 83' lang='lat' dir='ltr'><strong>sartione</strong></span> <span class='ocrx_word' id='word_1_67' title='bbox 1466 1615 1559 1679; x_wconf 84' lang='lat' dir='ltr'><strong>Attica</strong></span> 
     </span>
     <span class='ocr_line' id='line_1_10' title="bbox 381 1717 1559 1803; baseline -0.002 -22"><span class='ocrx_word' id='word_1_68' title='bbox 381 1718 548 1799; x_wconf 81' lang='lat' dir='ltr'><strong>expulsum</strong></span> <span class='ocrx_word' id='word_1_69' title='bbox 563 1718 593 1781; x_wconf 92' lang='lat' dir='ltr'><strong>in</strong></span> <span class='ocrx_word' id='word_1_70' title='bbox 608 1717 808 1803; x_wconf 84' lang='lat' dir='ltr'><strong>Peloponnesi</strong></span> <span class='ocrx_word' id='word_1_71' title='bbox 824 1738 910 1786; x_wconf 85' lang='lat' dir='ltr'><strong>oraru</strong></span> <span class='ocrx_word' id='word_1_72' title='bbox 926 1722 1120 1797; x_wconf 80' lang='lat' dir='ltr'><strong>maritimum,</strong></span> <span class='ocrx_word' id='word_1_73' title='bbox 1136 1720 1187 1803; x_wconf 80' lang='lat' dir='ltr'><strong>qui</strong></span> <span class='ocrx_word' id='word_1_74' title='bbox 1202 1720 1337 1803; x_wconf 55' lang='lat' dir='ltr'><strong>Aegialus</strong></span> <span class='ocrx_word' id='word_1_75' title='bbox 1354 1718 1471 1793; x_wconf 80' lang='lat' dir='ltr'><strong>elicitur,</strong></span> <span class='ocrx_word' id='word_1_76' title='bbox 1486 1736 1559 1780; x_wconf 87' lang='lat' dir='ltr'><strong>eou-</strong></span> 
     </span>
     <span class='ocr_line' id='line_1_11' title="bbox 383 1823 1560 1907; baseline -0.003 -19"><span class='ocrx_word' id='word_1_77' title='bbox 383 1823 522 1888; x_wconf 85' lang='lat' dir='ltr'><strong>eessisse</strong></span> <span class='ocrx_word' id='word_1_78' title='bbox 537 1823 637 1907; x_wconf 83' lang='lat' dir='ltr'><strong>ibique</strong></span> <span class='ocrx_word' id='word_1_79' title='bbox 652 1835 779 1889; x_wconf 69' lang='lat' dir='ltr'><strong>morum</strong></span> <span class='ocrx_word' id='word_1_80' title='bbox 795 1824 919 1902; x_wconf 86' lang='lat' dir='ltr'><strong>obiisse,</strong></span> <span class='ocrx_word' id='word_1_81' title='bbox 935 1824 1055 1889; x_wconf 80' lang='lat' dir='ltr'><strong>‹trrobus</strong></span> <span class='ocrx_word' id='word_1_82' title='bbox 1071 1824 1138 1889; x_wconf 84' lang='lat' dir='ltr'><strong>hilis</strong></span> <span class='ocrx_word' id='word_1_83' title='bbox 1153 1824 1271 1889; x_wconf 78' lang='lat' dir='ltr'><strong>relictis.</strong></span> <span class='ocrx_word' id='word_1_84' title='bbox 1294 1824 1410 1889; x_wconf 81' lang='lat' dir='ltr'><strong>lienem</strong></span> <span class='ocrx_word' id='word_1_85' title='bbox 1425 1823 1560 1895; x_wconf 78' lang='lat' dir='ltr'><strong>aiterum,</strong></span> 
     </span>
     <span class='ocr_line' id='line_1_12' title="bbox 383 1928 1560 2014; baseline -0.003 -22"><span class='ocrx_word' id='word_1_86' title='bbox 383 1929 557 2003; x_wconf 77' lang='lat' dir='ltr'><strong>Achaeum.</strong></span> <span class='ocrx_word' id='word_1_87' title='bbox 571 1928 601 1993; x_wconf 93' lang='lat' dir='ltr'><strong>in</strong></span> <span class='ocrx_word' id='word_1_88' title='bbox 617 1928 817 1998; x_wconf 82' lang='lat' dir='ltr'><strong>Thessaliam.</strong></span> <span class='ocrx_word' id='word_1_89' title='bbox 833 1931 985 2013; x_wconf 81' lang='lat' dir='ltr'><strong>antiquam</strong></span> <span class='ocrx_word' id='word_1_90' title='bbox 1001 1930 1142 2014; x_wconf 85' lang='lat' dir='ltr'><strong>petriam,</strong></span> <span class='ocrx_word' id='word_1_91' title='bbox 1158 1946 1309 1993; x_wconf 81' lang='lat' dir='ltr'><strong>reuersum</strong></span> <span class='ocrx_word' id='word_1_92' title='bbox 1325 1950 1408 2003; x_wconf 79' lang='lat' dir='ltr'><strong>esso,</strong></span> <span class='ocrx_word' id='word_1_93' title='bbox 1424 1928 1560 2002; x_wconf 88' lang='lat' dir='ltr'><strong>alterum,</strong></span> 
     </span>
     <span class='ocr_line' id='line_1_13' title="bbox 385 2030 1561 2115; baseline -0.002 -19"><span class='ocrx_word' id='word_1_94' title='bbox 385 2032 507 2105; x_wconf 80' lang='lat' dir='ltr'><strong>lenens.</strong></span> <span class='ocrx_word' id='word_1_95' title='bbox 523 2032 680 2099; x_wconf 81' lang='lat' dir='ltr'><strong>Selinuntii</strong></span> <span class='ocrx_word' id='word_1_96' title='bbox 695 2034 775 2115; x_wconf 76' lang='lat' dir='ltr'><strong>regis</strong></span> <span class='ocrx_word' id='word_1_97' title='bbox 790 2033 889 2109; x_wconf 85' lang='lat' dir='ltr'><strong>tiliam,</strong></span> <span class='ocrx_word' id='word_1_98' title='bbox 904 2034 1034 2109; x_wconf 83' lang='lat' dir='ltr'><strong>llelieen,</strong></span> <span class='ocrx_word' id='word_1_99' title='bbox 1055 2053 1179 2099; x_wconf 80' lang='lat' dir='ltr'><strong>terrrrem</strong></span> <span class='ocrx_word' id='word_1_100' title='bbox 1194 2042 1223 2098; x_wconf 92' lang='lat' dir='ltr'><strong>et</strong></span> <span class='ocrx_word' id='word_1_101' title='bbox 1239 2041 1307 2115; x_wconf 88' lang='lat' dir='ltr'><strong>post</strong></span> <span class='ocrx_word' id='word_1_102' title='bbox 1322 2042 1448 2097; x_wconf 86' lang='lat' dir='ltr'><strong>mortem</strong></span> <span class='ocrx_word' id='word_1_103' title='bbox 1464 2030 1561 2095; x_wconf 86' lang='lat' dir='ltr'><strong>soceri</strong></span> 
     </span>
     <span class='ocr_line' id='line_1_14' title="bbox 386 2136 1561 2223; baseline -0.003 -22"><span class='ocrx_word' id='word_1_104' title='bbox 386 2139 482 2202; x_wconf 84' lang='lat' dir='ltr'><strong>etiam</strong></span> <span class='ocrx_word' id='word_1_105' title='bbox 508 2156 634 2220; x_wconf 70' lang='lat' dir='ltr'><strong>regnum</strong></span> <span class='ocrx_word' id='word_1_106' title='bbox 660 2138 826 2221; x_wconf 75' lang='lat' dir='ltr'><strong>arrepsisse,</strong></span> <span class='ocrx_word' id='word_1_107' title='bbox 852 2142 1055 2223; x_wconf 77' lang='lat' dir='ltr'><strong>populumque</strong></span> <span class='ocrx_word' id='word_1_108' title='bbox 1076 2138 1294 2221; x_wconf 80' lang='lat' dir='ltr'><strong>Aegialensium</strong></span> <span class='ocrx_word' id='word_1_109' title='bbox 1320 2158 1337 2200; x_wconf 92' lang='lat' dir='ltr'><strong>a</strong></span> <span class='ocrx_word' id='word_1_110' title='bbox 1363 2156 1419 2199; x_wconf 88' lang='lat' dir='ltr'><strong>suo</strong></span> <span class='ocrx_word' id='word_1_111' title='bbox 1439 2136 1561 2199; x_wconf 89' lang='lat' dir='ltr'><strong>nomine</strong></span> 
     </span>
     <span class='ocr_line' id='line_1_15' title="bbox 388 2238 1561 2325; baseline -0.005 -20"><span class='ocrx_word' id='word_1_112' title='bbox 388 2241 482 2305; x_wconf 83' lang='lat' dir='ltr'><strong>lones</strong></span> <span class='ocrx_word' id='word_1_113' title='bbox 496 2243 673 2325; x_wconf 84' lang='lat' dir='ltr'><strong>appellasse.</strong></span> <span class='ocrx_word' id='word_1_114' title='bbox 697 2242 763 2306; x_wconf 83' lang='lat' dir='ltr'><strong>lior</strong></span> <span class='ocrx_word' id='word_1_115' title='bbox 778 2252 888 2315; x_wconf 80' lang='lat' dir='ltr'><strong>autem,</strong></span> <span class='ocrx_word' id='word_1_116' title='bbox 899 2262 994 2325; x_wconf 85' lang='lat' dir='ltr'><strong>quum</strong></span> <span class='ocrx_word' id='word_1_117' title='bbox 1006 2242 1102 2315; x_wconf 83' lang='lat' dir='ltr'><strong>Attiei,</strong></span> <span class='ocrx_word' id='word_1_118' title='bbox 1119 2241 1198 2305; x_wconf 88' lang='lat' dir='ltr'><strong>unde</strong></span> <span class='ocrx_word' id='word_1_119' title='bbox 1214 2249 1382 2304; x_wconf 75' lang='lat' dir='ltr'><strong>rsratmuum</strong></span> <span class='ocrx_word' id='word_1_120' title='bbox 1398 2238 1456 2322; x_wconf 89' lang='lat' dir='ltr'><strong>ipsi</strong></span> <span class='ocrx_word' id='word_1_121' title='bbox 1466 2256 1561 2321; x_wconf 81' lang='lat' dir='ltr'><strong>genus</strong></span> 
     </span>
     <span class='ocr_line' id='line_1_16' title="bbox 388 2344 1561 2428; baseline -0.003 -21"><span class='ocrx_word' id='word_1_122' title='bbox 388 2360 466 2421; x_wconf 82' lang='lat' dir='ltr'><strong>erat,</strong></span> <span class='ocrx_word' id='word_1_123' title='bbox 481 2345 700 2409; x_wconf 79' lang='lat' dir='ltr'><strong>Eleusiniorurn</strong></span> <span class='ocrx_word' id='word_1_124' title='bbox 715 2345 791 2408; x_wconf 84' lang='lat' dir='ltr'><strong>bello</strong></span> <span class='ocrx_word' id='word_1_125' title='bbox 806 2355 1024 2428; x_wconf 85' lang='lat' dir='ltr'><strong>premerentur,</strong></span> <span class='ocrx_word' id='word_1_126' title='bbox 1036 2344 1073 2409; x_wconf 88' lang='lat' dir='ltr'><strong>ab</strong></span> <span class='ocrx_word' id='word_1_127' title='bbox 1089 2344 1144 2408; x_wconf 88' lang='lat' dir='ltr'><strong>illis</strong></span> <span class='ocrx_word' id='word_1_128' title='bbox 1160 2344 1266 2407; x_wconf 81' lang='lat' dir='ltr'><strong>auxilio</strong></span> <span class='ocrx_word' id='word_1_129' title='bbox 1283 2352 1417 2407; x_wconf 78' lang='lat' dir='ltr'><strong>secutum</strong></span> <span class='ocrx_word' id='word_1_130' title='bbox 1434 2352 1463 2405; x_wconf 89' lang='lat' dir='ltr'><strong>et</strong></span> <span class='ocrx_word' id='word_1_131' title='bbox 1476 2360 1561 2405; x_wconf 84' lang='lat' dir='ltr'><strong>eser·</strong></span> 
     </span>
     <span class='ocr_line' id='line_1_17' title="bbox 390 2445 1561 2531; baseline -0.005 -19"><span class='ocrx_word' id='word_1_132' title='bbox 390 2449 464 2514; x_wconf 89' lang='lat' dir='ltr'><strong>eitui</strong></span> <span class='ocrx_word' id='word_1_133' title='bbox 480 2450 784 2531; x_wconf 64' lang='lat' dir='ltr'><strong>praelectoremque</strong></span> <span class='ocrx_word' id='word_1_134' title='bbox 799 2450 867 2513; x_wconf 87' lang='lat' dir='ltr'><strong>hino</strong></span> <span class='ocrx_word' id='word_1_135' title='bbox 881 2467 1036 2512; x_wconf 78' lang='lat' dir='ltr'><strong>reversum</strong></span> <span class='ocrx_word' id='word_1_136' title='bbox 1053 2448 1082 2511; x_wconf 94' lang='lat' dir='ltr'><strong>in</strong></span> <span class='ocrx_word' id='word_1_137' title='bbox 1097 2447 1263 2528; x_wconf 69' lang='lat' dir='ltr'><strong>rheginum,</strong></span> <span class='ocrx_word' id='word_1_138' title='bbox 1278 2448 1330 2509; x_wconf 79' lang='lat' dir='ltr'><strong>sesi</strong></span> <span class='ocrx_word' id='word_1_139' title='bbox 1346 2447 1376 2509; x_wconf 93' lang='lat' dir='ltr'><strong>in</strong></span> <span class='ocrx_word' id='word_1_140' title='bbox 1391 2445 1486 2508; x_wconf 84' lang='lat' dir='ltr'><strong>Attica</strong></span> <span class='ocrx_word' id='word_1_141' title='bbox 1502 2446 1561 2507; x_wconf 84' lang='lat' dir='ltr'><strong>leto</strong></span> 
     </span>
     <span class='ocr_line' id='line_1_18' title="bbox 390 2547 1562 2635; baseline -0.004 -21"><span class='ocrx_word' id='word_1_142' title='bbox 390 2552 529 2615; x_wconf 83' lang='lat' dir='ltr'><strong>iunctum</strong></span> <span class='ocrx_word' id='word_1_143' title='bbox 543 2562 574 2613; x_wconf 90' lang='lat' dir='ltr'><strong>et</strong></span> <span class='ocrx_word' id='word_1_144' title='bbox 588 2552 618 2614; x_wconf 93' lang='lat' dir='ltr'><strong>in</strong></span> <span class='ocrx_word' id='word_1_145' title='bbox 634 2571 725 2632; x_wconf 75' lang='lat' dir='ltr'><strong>psapo.</strong></span> <span class='ocrx_word' id='word_1_146' title='bbox 753 2554 803 2635; x_wconf 78' lang='lat' dir='ltr'><strong>qui</strong></span> <span class='ocrx_word' id='word_1_147' title='bbox 820 2554 964 2617; x_wconf 82' lang='lat' dir='ltr'><strong>Potamos</strong></span> <span class='ocrx_word' id='word_1_148' title='bbox 980 2553 1101 2623; x_wconf 80' lang='lat' dir='ltr'><strong>dieitur,</strong></span> <span class='ocrx_word' id='word_1_149' title='bbox 1122 2552 1270 2633; x_wconf 86' lang='lat' dir='ltr'><strong>sepultum</strong></span> <span class='ocrx_word' id='word_1_150' title='bbox 1291 2567 1373 2611; x_wconf 88' lang='lat' dir='ltr'><strong>esse:</strong></span> <span class='ocrx_word' id='word_1_151' title='bbox 1400 2548 1429 2611; x_wconf 90' lang='lat' dir='ltr'><strong>in</strong></span> <span class='ocrx_word' id='word_1_152' title='bbox 1444 2547 1562 2627; x_wconf 77' lang='lat' dir='ltr'><strong>Aegialo</strong></span> 
     </span>
     <span class='ocr_line' id='line_1_19' title="bbox 356 2652 1562 2737; baseline 0 -23"><span class='ocrx_word' id='word_1_153' title='bbox 356 2662 372 2714; x_wconf 80' lang='lat' dir='ltr'><strong>t</strong></span> <span class='ocrx_word' id='word_1_154' title='bbox 393 2664 495 2719; x_wconf 82' lang='lat' dir='ltr'><strong>autent</strong></span> <span class='ocrx_word' id='word_1_155' title='bbox 517 2674 642 2735; x_wconf 76' lang='lat' dir='ltr'><strong>regnum</strong></span> <span class='ocrx_word' id='word_1_156' title='bbox 661 2656 740 2736; x_wconf 79' lang='lat' dir='ltr'><strong>npsuri</strong></span> <span class='ocrx_word' id='word_1_157' title='bbox 760 2666 898 2737; x_wconf 84' lang='lat' dir='ltr'><strong>posteros</strong></span> <span class='ocrx_word' id='word_1_158' title='bbox 918 2656 983 2719; x_wconf 87' lang='lat' dir='ltr'><strong>eius</strong></span> <span class='ocrx_word' id='word_1_159' title='bbox 999 2657 1216 2737; x_wconf 80' lang='lat' dir='ltr'><strong>perrhensisse,</strong></span> <span class='ocrx_word' id='word_1_160' title='bbox 1237 2654 1331 2715; x_wconf 82' lang='lat' dir='ltr'><strong>‹lonee</strong></span> <span class='ocrx_word' id='word_1_161' title='bbox 1346 2662 1417 2736; x_wconf 85' lang='lat' dir='ltr'><strong>post</strong></span> <span class='ocrx_word' id='word_1_162' title='bbox 1431 2652 1562 2715; x_wconf 85' lang='lat' dir='ltr'><strong>lleraeli-</strong></span> 
     </span>
    </p>
   </div>
   <div class='ocr_carea' id='block_1_4' title="bbox 392 2756 1677 2840">
    <p class='ocr_par' dir='ltr' id='par_1_4' title="bbox 392 2756 1677 2840">
     <span class='ocr_line' id='line_1_20' title="bbox 392 2756 1677 2840; baseline -0.002 -21"><span class='ocrx_word' id='word_1_163' title='bbox 392 2758 502 2821; x_wconf 86' lang='lat' dir='ltr'><strong>‹larum</strong></span> <span class='ocrx_word' id='word_1_164' title='bbox 520 2757 648 2821; x_wconf 80' lang='lat' dir='ltr'><strong>restitum</strong></span> <span class='ocrx_word' id='word_1_165' title='bbox 669 2756 706 2820; x_wconf 84' lang='lat' dir='ltr'><strong>ab</strong></span> <span class='ocrx_word' id='word_1_166' title='bbox 726 2759 852 2822; x_wconf 65' lang='lat' dir='ltr'><strong>:teloneis</strong></span> <span class='ocrx_word' id='word_1_167' title='bbox 872 2759 1095 2839; x_wconf 72' lang='lat' dir='ltr'><strong>expsellereutur.</strong></span> <span class='ocrx_word' id='word_1_168' title='bbox 1118 2792 1158 2803; x_wconf 96' lang='lat'><em>-</em></span> <span class='ocrx_word' id='word_1_169' title='bbox 1182 2760 1311 2840; x_wconf 87' lang='lat' dir='ltr'><strong>Apparet</strong></span> <span class='ocrx_word' id='word_1_170' title='bbox 1330 2776 1364 2819; x_wconf 80' lang='lat' dir='ltr'><strong>es</strong></span> <span class='ocrx_word' id='word_1_171' title='bbox 1384 2756 1441 2819; x_wconf 82' lang='lat' dir='ltr'><strong>hac</strong></span> <span class='ocrx_word' id='word_1_172' title='bbox 1458 2772 1561 2819; x_wconf 88' lang='lat' dir='ltr'><strong>narra·</strong></span> <span class='ocrx_word' id='word_1_173' title='bbox 1673 2824 1677 2831; x_wconf 53' lang='grc'><strong>,</strong></span> 
     </span>
    </p>
   </div>
   <div class='ocr_carea' id='block_1_5' title="bbox 393 2854 1571 4285">
    <p class='ocr_par' dir='ltr' id='par_1_5' title="bbox 393 2854 1571 4285">
     <span class='ocr_line' id='line_1_21' title="bbox 394 2854 1562 2946; baseline -0.002 -23"><span class='ocrx_word' id='word_1_174' title='bbox 394 2860 493 2935; x_wconf 78' lang='lat' dir='ltr'><strong>hone,</strong></span> <span class='ocrx_word' id='word_1_175' title='bbox 518 2880 573 2924; x_wconf 90' lang='lat' dir='ltr'><strong>eur</strong></span> <span class='ocrx_word' id='word_1_176' title='bbox 592 2854 799 2946; x_wconf 70' lang='grc' dir='ltr'><em>στρατάρχην</em></span> <span class='ocrx_word' id='word_1_177' title='bbox 817 2860 989 2923; x_wconf 83' lang='lat' dir='ltr'><strong>lleroslotus</strong></span> <span class='ocrx_word' id='word_1_178' title='bbox 1011 2862 1125 2933; x_wconf 81' lang='lat' dir='ltr'><strong>torreret,</strong></span> <span class='ocrx_word' id='word_1_179' title='bbox 1147 2878 1209 2923; x_wconf 91' lang='lat' dir='ltr'><strong>non</strong></span> <span class='ocrx_word' id='word_1_180' title='bbox 1224 2878 1322 2940; x_wconf 79' lang='lat' dir='ltr'><strong>repens</strong></span> <span class='ocrx_word' id='word_1_181' title='bbox 1340 2858 1562 2922; x_wconf 75' lang='lat' dir='ltr'><strong>Atheniensium</strong></span> 
     </span>
     <span class='ocr_line' id='line_1_22' title="bbox 393 2963 1564 3047; baseline -0.007 -18"><span class='ocrx_word' id='word_1_182' title='bbox 393 2963 520 3029; x_wconf 78' lang='lat' dir='ltr'><strong>uixerit·</strong></span> <span class='ocrx_word' id='word_1_183' title='bbox 533 2968 577 3042; x_wconf 75' lang='lat' dir='ltr'><strong>*iz</strong></span> <span class='ocrx_word' id='word_1_184' title='bbox 612 2983 667 3027; x_wconf 90' lang='lat' dir='ltr'><strong>nee</strong></span> <span class='ocrx_word' id='word_1_185' title='bbox 693 2966 730 3027; x_wconf 88' lang='lat' dir='ltr'><strong>sie</strong></span> <span class='ocrx_word' id='word_1_186' title='bbox 755 2964 845 3028; x_wconf 75' lang='lat' dir='ltr'><strong>Xuthi</strong></span> <span class='ocrx_word' id='word_1_187' title='bbox 874 2964 903 3027; x_wconf 87' lang='lat' dir='ltr'><strong>iu</strong></span> <span class='ocrx_word' id='word_1_188' title='bbox 931 2965 1173 3047; x_wconf 79' lang='lat' dir='ltr'><strong>Peloponnesum</strong></span> <span class='ocrx_word' id='word_1_189' title='bbox 1198 2963 1332 3026; x_wconf 78' lang='lat' dir='ltr'><strong>dissensu</strong></span> <span class='ocrx_word' id='word_1_190' title='bbox 1359 2963 1454 3044; x_wconf 82' lang='lat' dir='ltr'><strong>sieque</strong></span> <span class='ocrx_word' id='word_1_191' title='bbox 1473 2980 1564 3044; x_wconf 77' lang='lat' dir='ltr'><strong>regno</strong></span> 
     </span>
     <span class='ocr_line' id='line_1_23' title="bbox 396 3066 1565 3151; baseline -0.003 -20"><span class='ocrx_word' id='word_1_192' title='bbox 396 3066 506 3151; x_wconf 72' lang='lat' dir='ltr'><strong>Aegiali</strong></span> <span class='ocrx_word' id='word_1_193' title='bbox 517 3070 554 3131; x_wconf 81' lang='lat' dir='ltr'><strong>sn</strong></span> <span class='ocrx_word' id='word_1_194' title='bbox 566 3068 668 3133; x_wconf 84' lang='lat' dir='ltr'><strong>loesem</strong></span> <span class='ocrx_word' id='word_1_195' title='bbox 679 3069 776 3132; x_wconf 81' lang='lat' dir='ltr'><strong>delato</strong></span> <span class='ocrx_word' id='word_1_196' title='bbox 788 3067 869 3132; x_wconf 86' lang='lat' dir='ltr'><strong>ilium</strong></span> <span class='ocrx_word' id='word_1_197' title='bbox 881 3069 974 3144; x_wconf 79' lang='lat' dir='ltr'><strong>aliter,</strong></span> <span class='ocrx_word' id='word_1_198' title='bbox 986 3088 1075 3151; x_wconf 80' lang='lat' dir='ltr'><strong>quarn</strong></span> <span class='ocrx_word' id='word_1_199' title='bbox 1088 3068 1251 3133; x_wconf 81' lang='lat' dir='ltr'><strong>Pausanias</strong></span> <span class='ocrx_word' id='word_1_200' title='bbox 1262 3068 1360 3140; x_wconf 70' lang='lat' dir='ltr'><strong>refiert,</strong></span> <span class='ocrx_word' id='word_1_201' title='bbox 1376 3066 1565 3130; x_wconf 80' lang='lat' dir='ltr'><strong>existimasse</strong></span> 
     </span>
     <span class='ocr_line' id='line_1_24' title="bbox 403 3160 1567 3254; baseline -0.003 -19"><span class='ocrx_word' id='word_1_202' title='bbox 403 3191 440 3235; x_wconf 85' lang='lat' dir='ltr'><strong>ex</strong></span> <span class='ocrx_word' id='word_1_203' title='bbox 456 3172 493 3236; x_wconf 86' lang='lat' dir='ltr'><strong>iis</strong></span> <span class='ocrx_word' id='word_1_204' title='bbox 508 3172 604 3253; x_wconf 74' lang='lat' dir='ltr'><strong>colligi</strong></span> <span class='ocrx_word' id='word_1_205' title='bbox 620 3180 728 3253; x_wconf 80' lang='lat' dir='ltr'><strong>potest,</strong></span> <span class='ocrx_word' id='word_1_206' title='bbox 744 3190 821 3254; x_wconf 83' lang='lat' dir='ltr'><strong>quoe</strong></span> <span class='ocrx_word' id='word_1_207' title='bbox 836 3170 884 3235; x_wconf 91' lang='lat' dir='ltr'><strong>lib.</strong></span> <span class='ocrx_word' id='word_1_208' title='bbox 901 3170 950 3234; x_wconf 87' lang='lat' dir='ltr'><strong>i&#39;ll</strong></span> <span class='ocrx_word' id='word_1_209' title='bbox 966 3191 991 3235; x_wconf 88' lang='lat' dir='ltr'><strong>e.</strong></span> <span class='ocrx_word' id='word_1_210' title='bbox 1007 3170 1048 3235; x_wconf 83' lang='lat' dir='ltr'><strong>ttt</strong></span> <span class='ocrx_word' id='word_1_211' title='bbox 1064 3171 1203 3249; x_wconf 80' lang='lat' dir='ltr'><strong>legimus:</strong></span> <span class='ocrx_word' id='word_1_212' title='bbox 1220 3160 1333 3247; x_wconf 78' lang='grc' dir='ltr'><strong><em>Ἴωνες</em></strong></span> <span class='ocrx_word' id='word_1_213' title='bbox 1348 3164 1396 3247; x_wconf 75' lang='grc' dir='ltr'><strong>δὲ,</strong></span> <span class='ocrx_word' id='word_1_214' title='bbox 1412 3160 1493 3233; x_wconf 76' lang='grc' dir='ltr'><strong><em>ὅσον</em></strong></span> <span class='ocrx_word' id='word_1_215' title='bbox 1506 3162 1567 3249; x_wconf 76' lang='grc' dir='ltr'><strong>μὲν</strong></span> 
     </span>
     <span class='ocr_line' id='line_1_25' title="bbox 395 3264 1565 3361; baseline -0.003 -22"><span class='ocrx_word' id='word_1_216' title='bbox 395 3268 558 3361; x_wconf 66' lang='grc' dir='ltr'><strong>χρόνονέν</strong></span> <span class='ocrx_word' id='word_1_217' title='bbox 567 3267 817 3361; x_wconf 64' lang='grc' dir='ltr'><strong>Πελοποννήσῳ</strong></span> <span class='ocrx_word' id='word_1_218' title='bbox 832 3264 945 3338; x_wconf 73' lang='grc' dir='ltr'><strong><em>οἴκεον</em></strong></span> <span class='ocrx_word' id='word_1_219' title='bbox 958 3270 1019 3360; x_wconf 65' lang='grc' dir='ltr'><strong>τήν</strong></span> <span class='ocrx_word' id='word_1_220' title='bbox 1033 3270 1088 3339; x_wconf 67' lang='grc' dir='ltr'><strong>νῖν</strong></span> <span class='ocrx_word' id='word_1_221' title='bbox 1101 3268 1300 3361; x_wconf 74' lang='grc' dir='ltr'><strong><em>καλεομένην</em></strong></span> <span class='ocrx_word' id='word_1_222' title='bbox 1309 3265 1492 3360; x_wconf 77' lang='grc' dir='ltr'><strong>Ἀχοιτίην,</strong></span> <span class='ocrx_word' id='word_1_223' title='bbox 1508 3267 1565 3335; x_wconf 83' lang='grc' dir='ltr'><strong>καὶ</strong></span> 
     </span>
     <span class='ocr_line' id='line_1_26' title="bbox 399 3368 1566 3466; baseline -0.003 -24"><span class='ocrx_word' id='word_1_224' title='bbox 399 3374 479 3464; x_wconf 78' lang='lat' dir='ltr'><strong>repis</strong></span> <span class='ocrx_word' id='word_1_225' title='bbox 504 3370 684 3466; x_wconf 64' lang='lat' dir='ltr'><strong>tlAavotr</strong></span> <span class='ocrx_word' id='word_1_226' title='bbox 709 3398 744 3442; x_wconf 63' lang='lat' dir='ltr'><strong>‘re</strong></span> <span class='ocrx_word' id='word_1_227' title='bbox 772 3370 830 3441; x_wconf 83' lang='grc' dir='ltr'><strong>καὶ</strong></span> <span class='ocrx_word' id='word_1_228' title='bbox 856 3372 993 3445; x_wconf 71' lang='grc' dir='ltr'><strong><em>Ξοῦθον</em></strong></span> <span class='ocrx_word' id='word_1_229' title='bbox 1020 3368 1210 3443; x_wconf 59' lang='lat' dir='ltr'><strong>chementias</strong></span> <span class='ocrx_word' id='word_1_230' title='bbox 1240 3370 1275 3455; x_wconf 68' lang='lat' dir='ltr'><strong>te</strong></span> <span class='ocrx_word' id='word_1_231' title='bbox 1301 3369 1566 3464; x_wconf 74' lang='grc' dir='ltr'><strong><em>Πελοπόννησον,</em></strong></span> 
     </span>
     <span class='ocr_line' id='line_1_27' title="bbox 397 3472 1568 3569; baseline -0.002 -22"><span class='ocrx_word' id='word_1_232' title='bbox 397 3474 444 3560; x_wconf 72' lang='grc' dir='ltr'><strong>ὥς</strong></span> <span class='ocrx_word' id='word_1_233' title='bbox 460 3474 617 3569; x_wconf 68' lang='grc' dir='ltr'><strong>’Έλληνες</strong></span> <span class='ocrx_word' id='word_1_234' title='bbox 641 3474 792 3564; x_wconf 73' lang='grc' dir='ltr'><strong>λέγουσι,</strong></span> <span class='ocrx_word' id='word_1_235' title='bbox 819 3474 995 3545; x_wconf 77' lang='grc' dir='ltr'><strong><em>ἐκαλέοντο</em></strong></span> <span class='ocrx_word' id='word_1_236' title='bbox 1022 3476 1192 3566; x_wconf 77' lang='grc' dir='ltr'><strong><em>Πελασγοὶ</em></strong></span> <span class='ocrx_word' id='word_1_237' title='bbox 1214 3472 1412 3565; x_wconf 63' lang='lat' dir='ltr'><strong>Alpesne:</strong></span> <span class='ocrx_word' id='word_1_238' title='bbox 1441 3474 1502 3546; x_wconf 78' lang='grc' dir='ltr'><strong>ἐπὶ</strong></span> <span class='ocrx_word' id='word_1_239' title='bbox 1529 3474 1568 3545; x_wconf 77' lang='grc' dir='ltr'><strong>δὲ</strong></span> 
     </span>
     <span class='ocr_line' id='line_1_28' title="bbox 401 3574 1567 3667; baseline -0.001 -18"><span class='ocrx_word' id='word_1_240' title='bbox 401 3574 515 3665; x_wconf 73' lang='grc' dir='ltr'><strong><em>Ἴωνος</em></strong></span> <span class='ocrx_word' id='word_1_241' title='bbox 533 3580 593 3649; x_wconf 77' lang='grc' dir='ltr'><strong>τοῦ</strong></span> <span class='ocrx_word' id='word_1_242' title='bbox 607 3578 746 3653; x_wconf 72' lang='grc' dir='ltr'><strong><em>Ξούθου</em></strong></span> <span class='ocrx_word' id='word_1_243' title='bbox 761 3574 881 3663; x_wconf 71' lang='grc' dir='ltr'><strong><em>Ἴωνος.</em></strong></span> <span class='ocrx_word' id='word_1_244' title='bbox 916 3585 1034 3649; x_wconf 83' lang='lat' dir='ltr'><strong>Tertius</strong></span> <span class='ocrx_word' id='word_1_245' title='bbox 1050 3588 1087 3651; x_wconf 82' lang='lat' dir='ltr'><strong>sle</strong></span> <span class='ocrx_word' id='word_1_246' title='bbox 1102 3588 1173 3651; x_wconf 89' lang='lat' dir='ltr'><strong>lene</strong></span> <span class='ocrx_word' id='word_1_247' title='bbox 1189 3589 1272 3651; x_wconf 85' lang='lat' dir='ltr'><strong>loetrs</strong></span> <span class='ocrx_word' id='word_1_248' title='bbox 1288 3586 1367 3667; x_wconf 84' lang='lat' dir='ltr'><strong>apud</strong></span> <span class='ocrx_word' id='word_1_249' title='bbox 1383 3585 1567 3649; x_wconf 85' lang='lat' dir='ltr'><strong>llerodetum</strong></span> 
     </span>
     <span class='ocr_line' id='line_1_29' title="bbox 400 3688 1568 3773; baseline 0 -22"><span class='ocrx_word' id='word_1_250' title='bbox 400 3700 447 3753; x_wconf 89' lang='lat' dir='ltr'><strong>est</strong></span> <span class='ocrx_word' id='word_1_251' title='bbox 463 3690 513 3753; x_wconf 90' lang='lat' dir='ltr'><strong>iih.</strong></span> <span class='ocrx_word' id='word_1_252' title='bbox 530 3690 554 3750; x_wconf 69' lang='lat' dir='ltr'><strong>i&#39;</strong></span> <span class='ocrx_word' id='word_1_253' title='bbox 568 3709 594 3751; x_wconf 85' lang='lat' dir='ltr'><strong>e.</strong></span> <span class='ocrx_word' id='word_1_254' title='bbox 611 3688 669 3765; x_wconf 85' lang='grc'><strong>66,</strong></span> <span class='ocrx_word' id='word_1_255' title='bbox 695 3689 745 3751; x_wconf 94' lang='lat' dir='ltr'><strong>ubi</strong></span> <span class='ocrx_word' id='word_1_256' title='bbox 768 3689 891 3753; x_wconf 87' lang='lat' dir='ltr'><strong>nomina</strong></span> <span class='ocrx_word' id='word_1_257' title='bbox 912 3698 1054 3771; x_wconf 82' lang='lat' dir='ltr'><strong>quattuor</strong></span> <span class='ocrx_word' id='word_1_258' title='bbox 1074 3690 1265 3773; x_wconf 74' lang='lat' dir='ltr'><strong>antiquarum</strong></span> <span class='ocrx_word' id='word_1_259' title='bbox 1282 3688 1427 3763; x_wconf 88' lang='lat' dir='ltr'><strong>tribuum,</strong></span> <span class='ocrx_word' id='word_1_260' title='bbox 1449 3689 1568 3771; x_wconf 84' lang='lat' dir='ltr'><strong>inques</strong></span> 
     </span>
     <span class='ocr_line' id='line_1_30' title="bbox 401 3790 1569 3875; baseline 0.001 -22"><span class='ocrx_word' id='word_1_261' title='bbox 401 3802 467 3855; x_wconf 81' lang='lat' dir='ltr'><strong>aute</strong></span> <span class='ocrx_word' id='word_1_262' title='bbox 482 3791 663 3854; x_wconf 83' lang='lat' dir='ltr'><strong>Clisthenem</strong></span> <span class='ocrx_word' id='word_1_263' title='bbox 678 3792 874 3856; x_wconf 72' lang='lat' dir='ltr'><strong>Athenienses</strong></span> <span class='ocrx_word' id='word_1_264' title='bbox 889 3791 976 3856; x_wconf 82' lang='lat' dir='ltr'><strong>‹lisisi</strong></span> <span class='ocrx_word' id='word_1_265' title='bbox 993 3794 1128 3868; x_wconf 86' lang='lat' dir='ltr'><strong>luerunt,</strong></span> <span class='ocrx_word' id='word_1_266' title='bbox 1144 3812 1161 3855; x_wconf 86' lang='lat' dir='ltr'><strong>a</strong></span> <span class='ocrx_word' id='word_1_267' title='bbox 1177 3802 1318 3875; x_wconf 84' lang='lat' dir='ltr'><strong>quattuor</strong></span> <span class='ocrx_word' id='word_1_268' title='bbox 1333 3790 1413 3854; x_wconf 89' lang='lat' dir='ltr'><strong>lonis</strong></span> <span class='ocrx_word' id='word_1_269' title='bbox 1428 3790 1496 3854; x_wconf 84' lang='lat' dir='ltr'><strong>liliis</strong></span> <span class='ocrx_word' id='word_1_270' title='bbox 1512 3790 1569 3854; x_wconf 85' lang='lat' dir='ltr'><strong>hn-</strong></span> 
     </span>
     <span class='ocr_line' id='line_1_31' title="bbox 403 3893 1569 3977; baseline 0.002 -21"><span class='ocrx_word' id='word_1_271' title='bbox 403 3894 499 3974; x_wconf 87' lang='lat' dir='ltr'><strong>posita</strong></span> <span class='ocrx_word' id='word_1_272' title='bbox 512 3914 582 3957; x_wconf 83' lang='lat' dir='ltr'><strong>esse</strong></span> <span class='ocrx_word' id='word_1_273' title='bbox 596 3893 750 3972; x_wconf 63' lang='lat' dir='ltr'><strong>‹licunturr</strong></span> <span class='ocrx_word' id='word_1_274' title='bbox 763 3896 816 3959; x_wconf 80' lang='lat' dir='ltr'><strong>seri</strong></span> <span class='ocrx_word' id='word_1_275' title='bbox 831 3895 860 3959; x_wconf 88' lang='lat' dir='ltr'><strong>id</strong></span> <span class='ocrx_word' id='word_1_276' title='bbox 876 3915 935 3977; x_wconf 82' lang='lat' dir='ltr'><strong>qua</strong></span> <span class='ocrx_word' id='word_1_277' title='bbox 951 3896 1068 3959; x_wconf 88' lang='lat' dir='ltr'><strong>ratione</strong></span> <span class='ocrx_word' id='word_1_278' title='bbox 1084 3895 1252 3959; x_wconf 87' lang='lat' dir='ltr'><strong>institutum</strong></span> <span class='ocrx_word' id='word_1_279' title='bbox 1265 3898 1313 3970; x_wconf 82' lang='lat' dir='ltr'><strong>sit,</strong></span> <span class='ocrx_word' id='word_1_280' title='bbox 1329 3912 1391 3957; x_wconf 91' lang='lat' dir='ltr'><strong>non</strong></span> <span class='ocrx_word' id='word_1_281' title='bbox 1402 3894 1569 3975; x_wconf 81' lang='lat' dir='ltr'><strong>exponitur.</strong></span> 
     </span>
     <span class='ocr_line' id='line_1_32' title="bbox 403 3996 1569 4082; baseline 0.006 -23"><span class='ocrx_word' id='word_1_282' title='bbox 403 3996 503 4059; x_wconf 82' lang='lat' dir='ltr'><strong>Potuit</strong></span> <span class='ocrx_word' id='word_1_283' title='bbox 519 4004 617 4059; x_wconf 88' lang='lat' dir='ltr'><strong>autem</strong></span> <span class='ocrx_word' id='word_1_284' title='bbox 637 3996 685 4060; x_wconf 81' lang='lat' dir='ltr'><strong>six</strong></span> <span class='ocrx_word' id='word_1_285' title='bbox 704 3998 788 4061; x_wconf 86' lang='lat' dir='ltr'><strong>aliter</strong></span> <span class='ocrx_word' id='word_1_286' title='bbox 803 4000 912 4063; x_wconf 76' lang='lat' dir='ltr'><strong>laetum</strong></span> <span class='ocrx_word' id='word_1_287' title='bbox 928 3998 1023 4074; x_wconf 85' lang='lat' dir='ltr'><strong>eredi,</strong></span> <span class='ocrx_word' id='word_1_288' title='bbox 1050 4018 1139 4082; x_wconf 81' lang='lat' dir='ltr'><strong>quam</strong></span> <span class='ocrx_word' id='word_1_289' title='bbox 1155 3998 1251 4075; x_wconf 86' lang='lat' dir='ltr'><strong>lonis,</strong></span> <span class='ocrx_word' id='word_1_290' title='bbox 1277 3999 1345 4062; x_wconf 86' lang='lat' dir='ltr'><strong>lieet</strong></span> <span class='ocrx_word' id='word_1_291' title='bbox 1359 4014 1420 4060; x_wconf 92' lang='lat' dir='ltr'><strong>non</strong></span> <span class='ocrx_word' id='word_1_292' title='bbox 1436 4012 1569 4079; x_wconf 77' lang='lat' dir='ltr'><strong>regnum</strong></span> 
     </span>
     <span class='ocr_line' id='line_1_33' title="bbox 403 4098 1570 4185; baseline 0.003 -23"><span class='ocrx_word' id='word_1_293' title='bbox 403 4099 455 4162; x_wconf 83' lang='lat' dir='ltr'><strong>sest</strong></span> <span class='ocrx_word' id='word_1_294' title='bbox 474 4098 543 4163; x_wconf 89' lang='lat' dir='ltr'><strong>helii</strong></span> <span class='ocrx_word' id='word_1_295' title='bbox 562 4108 676 4165; x_wconf 72' lang='lat' dir='ltr'><strong>unium</strong></span> <span class='ocrx_word' id='word_1_296' title='bbox 697 4101 855 4185; x_wconf 83' lang='lat' dir='ltr'><strong>imperium</strong></span> <span class='ocrx_word' id='word_1_297' title='bbox 874 4104 1010 4175; x_wconf 81' lang='lat' dir='ltr'><strong>haberet,</strong></span> <span class='ocrx_word' id='word_1_298' title='bbox 1038 4112 1150 4167; x_wconf 86' lang='lat' dir='ltr'><strong>tantam</strong></span> <span class='ocrx_word' id='word_1_299' title='bbox 1166 4112 1265 4167; x_wconf 85' lang='lat' dir='ltr'><strong>tamen</strong></span> <span class='ocrx_word' id='word_1_300' title='bbox 1281 4100 1360 4185; x_wconf 71' lang='lat' dir='ltr'><strong>apruni</strong></span> <span class='ocrx_word' id='word_1_301' title='bbox 1375 4099 1570 4165; x_wconf 88' lang='lat' dir='ltr'><strong>Athenienses</strong></span> 
     </span>
     <span class='ocr_line' id='line_1_34' title="bbox 404 4202 1571 4285; baseline 0.001 -20"><span class='ocrx_word' id='word_1_302' title='bbox 404 4202 608 4266; x_wconf 82' lang='lat' dir='ltr'><strong>auctoritatem</strong></span> <span class='ocrx_word' id='word_1_303' title='bbox 622 4204 730 4277; x_wconf 79' lang='lat' dir='ltr'><strong>luisse,</strong></span> <span class='ocrx_word' id='word_1_304' title='bbox 746 4215 781 4270; x_wconf 93' lang='lat' dir='ltr'><strong>ut</strong></span> <span class='ocrx_word' id='word_1_305' title='bbox 794 4206 831 4271; x_wconf 89' lang='lat' dir='ltr'><strong>ab</strong></span> <span class='ocrx_word' id='word_1_306' title='bbox 845 4206 911 4272; x_wconf 87' lang='lat' dir='ltr'><strong>eius</strong></span> <span class='ocrx_word' id='word_1_307' title='bbox 927 4206 994 4272; x_wconf 89' lang='lat' dir='ltr'><strong>hliis</strong></span> <span class='ocrx_word' id='word_1_308' title='bbox 1010 4206 1132 4271; x_wconf 88' lang='lat' dir='ltr'><strong>nomina</strong></span> <span class='ocrx_word' id='word_1_309' title='bbox 1148 4204 1282 4269; x_wconf 88' lang='lat' dir='ltr'><strong>tribubus</strong></span> <span class='ocrx_word' id='word_1_310' title='bbox 1298 4204 1494 4285; x_wconf 84' lang='lat' dir='ltr'><strong>imponerent,</strong></span> <span class='ocrx_word' id='word_1_311' title='bbox 1510 4202 1571 4266; x_wconf 87' lang='lat' dir='ltr'><strong>sive</strong></span> 
     </span>
    </p>
   </div>
   <div class='ocr_carea' id='block_1_6' title="bbox 407 4406 1572 4891">
    <p class='ocr_par' dir='ltr' id='par_1_6' title="bbox 407 4406 1570 4563">
     <span class='ocr_line' id='line_1_35' title="bbox 474 4406 1570 4477; baseline -0.001 -16"><span class='ocrx_word' id='word_1_312' title='bbox 474 4410 516 4475; x_wconf 78' lang='lat'><strong>1³)</strong></span> <span class='ocrx_word' id='word_1_313' title='bbox 534 4410 587 4463; x_wconf 80' lang='lat' dir='ltr'><strong>iles</strong></span> <span class='ocrx_word' id='word_1_314' title='bbox 596 4408 735 4465; x_wconf 67' lang='lat' dir='ltr'><strong>Parum</strong></span> <span class='ocrx_word' id='word_1_315' title='bbox 751 4428 800 4466; x_wconf 80' lang='lat' dir='ltr'><strong>ses</strong></span> <span class='ocrx_word' id='word_1_316' title='bbox 817 4413 942 4477; x_wconf 67' lang='lat' dir='ltr'><strong>ueniente</strong></span> <span class='ocrx_word' id='word_1_317' title='bbox 966 4414 1011 4466; x_wconf 75' lang='lat' dir='ltr'><strong>sed</strong></span> <span class='ocrx_word' id='word_1_318' title='bbox 1028 4412 1123 4468; x_wconf 75' lang='lat' dir='ltr'><strong>Dona</strong></span> <span class='ocrx_word' id='word_1_319' title='bbox 1139 4420 1167 4465; x_wconf 81' lang='lat' dir='ltr'><strong>et</strong></span> <span class='ocrx_word' id='word_1_320' title='bbox 1178 4410 1285 4465; x_wconf 74' lang='lat' dir='ltr'><strong>Aeolo·</strong></span> <span class='ocrx_word' id='word_1_321' title='bbox 1297 4408 1378 4463; x_wconf 77' lang='lat' dir='ltr'><strong>faisse</strong></span> <span class='ocrx_word' id='word_1_322' title='bbox 1389 4406 1491 4461; x_wconf 75' lang='lat' dir='ltr'><strong>sumto</strong></span> <span class='ocrx_word' id='word_1_323' title='bbox 1503 4423 1570 4461; x_wconf 78' lang='grc' dir='ltr'><strong>ωι-</strong></span> 
     </span>
     <span class='ocr_line' id='line_1_36' title="bbox 407 4496 644 4563; baseline -0.004 -14"><span class='ocrx_word' id='word_1_324' title='bbox 407 4504 505 4563; x_wconf 74' lang='lat' dir='ltr'><strong>pem</strong></span> <span class='ocrx_word' id='word_1_325' title='bbox 517 4496 644 4549; x_wconf 70' lang='lat' dir='ltr'><strong>hle-se</strong></span> 
     </span>
    </p>

    <p class='ocr_par' dir='ltr' id='par_1_7' title="bbox 407 4578 1572 4891">
     <span class='ocr_line' id='line_1_37' title="bbox 476 4578 1572 4656; baseline -0.005 -16"><span class='ocrx_word' id='word_1_326' title='bbox 476 4580 518 4648; x_wconf 70' lang='lat'><strong>14)</strong></span> <span class='ocrx_word' id='word_1_327' title='bbox 544 4580 638 4648; x_wconf 72' lang='lat' dir='ltr'><strong>berc·</strong></span> <span class='ocrx_word' id='word_1_328' title='bbox 651 4582 750 4637; x_wconf 83' lang='lat' dir='ltr'><strong>Attiese</strong></span> <span class='ocrx_word' id='word_1_329' title='bbox 766 4582 850 4639; x_wconf 71' lang='lat' dir='ltr'><strong>tuen</strong></span> <span class='ocrx_word' id='word_1_330' title='bbox 867 4602 940 4653; x_wconf 79' lang='lat' dir='ltr'><strong>usus,</strong></span> <span class='ocrx_word' id='word_1_331' title='bbox 961 4586 1028 4656; x_wconf 81' lang='lat' dir='ltr'><strong>queri</strong></span> <span class='ocrx_word' id='word_1_332' title='bbox 1041 4586 1131 4653; x_wconf 60' lang='lat' dir='ltr'><strong>seiam</strong></span> <span class='ocrx_word' id='word_1_333' title='bbox 1146 4584 1233 4638; x_wconf 75' lang='lat' dir='ltr'><strong>coms</strong></span> <span class='ocrx_word' id='word_1_334' title='bbox 1248 4582 1390 4636; x_wconf 73' lang='lat' dir='ltr'><strong>(licitare.</strong></span> <span class='ocrx_word' id='word_1_335' title='bbox 1402 4578 1450 4645; x_wconf 78' lang='grc'><strong>27,</strong></span> <span class='ocrx_word' id='word_1_336' title='bbox 1465 4580 1572 4649; x_wconf 72' lang='lat' dir='ltr'><strong>proclivi</strong></span> 
     </span>
     <span class='ocr_line' id='line_1_38' title="bbox 407 4665 1570 4742; baseline -0.001 -22"><span class='ocrx_word' id='word_1_337' title='bbox 407 4682 504 4721; x_wconf 71' lang='lat' dir='ltr'><strong>mre.</strong></span> <span class='ocrx_word' id='word_1_338' title='bbox 523 4667 658 4736; x_wconf 73' lang='lat' dir='ltr'><strong>uunpttsr</strong></span> <span class='ocrx_word' id='word_1_339' title='bbox 668 4668 768 4737; x_wconf 64' lang='lat' dir='ltr'><strong>(suta</strong></span> <span class='ocrx_word' id='word_1_340' title='bbox 779 4685 832 4724; x_wconf 77' lang='lat' dir='ltr'><strong>ro·</strong></span> <span class='ocrx_word' id='word_1_341' title='bbox 844 4672 870 4725; x_wconf 79' lang='lat' dir='ltr'><strong>ia</strong></span> <span class='ocrx_word' id='word_1_342' title='bbox 881 4673 964 4726; x_wconf 74' lang='lat' dir='ltr'><strong>nodio</strong></span> <span class='ocrx_word' id='word_1_343' title='bbox 976 4672 1109 4742; x_wconf 75' lang='lat' dir='ltr'><strong>nlinqehs</strong></span> <span class='ocrx_word' id='word_1_344' title='bbox 1127 4686 1197 4739; x_wconf 76' lang='lat' dir='ltr'><strong>spen</strong></span> <span class='ocrx_word' id='word_1_345' title='bbox 1209 4668 1270 4722; x_wconf 79' lang='lat' dir='ltr'><strong>ierit</strong></span> <span class='ocrx_word' id='word_1_346' title='bbox 1282 4665 1366 4734; x_wconf 63' lang='lat' dir='ltr'><strong>regni,</strong></span> <span class='ocrx_word' id='word_1_347' title='bbox 1381 4665 1442 4719; x_wconf 78' lang='lat' dir='ltr'><strong>ststt</strong></span> <span class='ocrx_word' id='word_1_348' title='bbox 1457 4667 1570 4736; x_wconf 79' lang='lat' dir='ltr'><strong>euplius.</strong></span> 
     </span>
     <span class='ocr_line' id='line_1_39' title="bbox 409 4750 1571 4821; baseline -0.003 -14"><span class='ocrx_word' id='word_1_349' title='bbox 409 4752 473 4819; x_wconf 72' lang='lat' dir='ltr'><strong>uste</strong></span> <span class='ocrx_word' id='word_1_350' title='bbox 485 4760 574 4821; x_wconf 66' lang='lat' dir='ltr'><strong>puer</strong></span> <span class='ocrx_word' id='word_1_351' title='bbox 585 4752 680 4807; x_wconf 65' lang='lat' dir='ltr'><strong>ism</strong></span> <span class='ocrx_word' id='word_1_352' title='bbox 690 4753 734 4819; x_wconf 85' lang='lat' dir='ltr'><strong>sit,</strong></span> <span class='ocrx_word' id='word_1_353' title='bbox 745 4762 821 4808; x_wconf 75' lang='lat' dir='ltr'><strong>estre</strong></span> <span class='ocrx_word' id='word_1_354' title='bbox 832 4756 940 4811; x_wconf 67' lang='lat' dir='ltr'><strong>uhts·</strong></span> <span class='ocrx_word' id='word_1_355' title='bbox 951 4766 1000 4812; x_wconf 82' lang='lat' dir='ltr'><strong>est.</strong></span> <span class='ocrx_word' id='word_1_356' title='bbox 1019 4756 1105 4811; x_wconf 78' lang='lat' dir='ltr'><strong>Ceteri</strong></span> <span class='ocrx_word' id='word_1_357' title='bbox 1114 4770 1202 4810; x_wconf 72' lang='lat' dir='ltr'><strong>suess</strong></span> <span class='ocrx_word' id='word_1_358' title='bbox 1210 4770 1266 4807; x_wconf 75' lang='lat' dir='ltr'><strong>eu</strong></span> <span class='ocrx_word' id='word_1_359' title='bbox 1275 4752 1405 4807; x_wconf 69' lang='lat' dir='ltr'><strong>flesset·</strong></span> <span class='ocrx_word' id='word_1_360' title='bbox 1414 4760 1441 4805; x_wconf 85' lang='lat' dir='ltr'><strong>rt</strong></span> <span class='ocrx_word' id='word_1_361' title='bbox 1450 4750 1571 4805; x_wconf 74' lang='lat' dir='ltr'><strong>Paeanis</strong></span> 
     </span>
     <span class='ocr_line' id='line_1_40' title="bbox 409 4838 1359 4891; baseline -0.002 0"><span class='ocrx_word' id='word_1_362' title='bbox 409 4838 578 4891; x_wconf 70' lang='lat' dir='ltr'><strong>melent.</strong></span> <span class='ocrx_word' id='word_1_363' title='bbox 1357 4868 1359 4875; x_wconf 83' lang='lat'><em>·</em></span> 
     </span>
    </p>
   </div>
   <div class='ocr_carea' id='block_1_7' title="bbox 0 0 1937 5609">
    <p class='ocr_par' dir='ltr' id='par_1_8' title="bbox 0 0 1937 5609">
     <span class='ocr_line' id='line_1_41' title="bbox 0 0 1937 5609; baseline 0 0"><span class='ocrx_word' id='word_1_364' title='bbox 0 0 1937 5609; x_wconf 95' lang='lat' dir='ltr'><strong> </strong></span> 
     </span>
    </p>
   </div>
  </div>
 </body>
</html>
