<?xml version="1.0" encoding="UTF-8"?>
<!DOCTYPE html PUBLIC "-//W3C//DTD XHTML 1.0 Transitional//EN"
    "http://www.w3.org/TR/xhtml1/DTD/xhtml1-transitional.dtd">
<html xmlns="http://www.w3.org/1999/xhtml" xml:lang="en" lang="en">
 <head>
  <title>
</title>
<meta http-equiv="Content-Type" content="text/html;charset=utf-8" />
  <meta name='ocr-system' content='tesseract 3.04.00' />
  <meta name='ocr-capabilities' content='ocr_page ocr_carea ocr_par ocr_line ocrx_word'/>
</head>
<body>
  <div class='ocr_page' id='page_1' title='image "./opusculaacademi02schgoog_0143.png"; bbox 0 0 3792 5609; ppageno 0'>
   <div class='ocr_carea' id='block_1_1' title="bbox 961 718 1018 782">
    <p class='ocr_par' dir='ltr' id='par_1_1' title="bbox 961 718 1018 782">
     <span class='ocr_line' id='line_1_1' title="bbox 961 718 1018 782; baseline 0.018 -1"><span class='ocrx_word' id='word_1_1' title='bbox 961 718 1018 782; x_wconf 84' lang='lat' dir='ltr'><strong>tlt</strong></span> 
     </span>
    </p>
   </div>
   <div class='ocr_carea' id='block_1_2' title="bbox 373 906 1578 4539">
    <p class='ocr_par' dir='ltr' id='par_1_2' title="bbox 373 906 1578 4505">
     <span class='ocr_line' id='line_1_2' title="bbox 405 906 1571 992; baseline -0.002 -17"><span class='ocrx_word' id='word_1_2' title='bbox 405 934 465 977; x_wconf 88' lang='lat' dir='ltr'><strong>noo</strong></span> <span class='ocrx_word' id='word_1_3' title='bbox 484 911 569 974; x_wconf 86' lang='lat' dir='ltr'><strong>dicit:</strong></span> <span class='ocrx_word' id='word_1_4' title='bbox 600 908 674 972; x_wconf 82' lang='lat' dir='ltr'><strong>nihil</strong></span> <span class='ocrx_word' id='word_1_5' title='bbox 692 908 770 971; x_wconf 89' lang='lat' dir='ltr'><strong>aliod</strong></span> <span class='ocrx_word' id='word_1_6' title='bbox 790 908 847 971; x_wconf 84' lang='lat' dir='ltr'><strong>nisi</strong></span> <span class='ocrx_word' id='word_1_7' title='bbox 867 928 920 971; x_wconf 85' lang='lat' dir='ltr'><strong>eoa</strong></span> <span class='ocrx_word' id='word_1_8' title='bbox 941 928 1003 971; x_wconf 89' lang='lat' dir='ltr'><strong>rem</strong></span> <span class='ocrx_word' id='word_1_9' title='bbox 1025 908 1171 991; x_wconf 73' lang='lat' dir='ltr'><strong>publicam</strong></span> <span class='ocrx_word' id='word_1_10' title='bbox 1192 906 1222 973; x_wconf 92' lang='lat' dir='ltr'><strong>in</strong></span> <span class='ocrx_word' id='word_1_11' title='bbox 1241 917 1387 992; x_wconf 70' lang='lat' dir='ltr'><strong>potestate</strong></span> <span class='ocrx_word' id='word_1_12' title='bbox 1405 910 1513 975; x_wconf 81' lang='lat' dir='ltr'><strong>trabere</strong></span> <span class='ocrx_word' id='word_1_13' title='bbox 1532 910 1571 973; x_wconf 92' lang='lat' dir='ltr'><strong>ait</strong></span> 
     </span>
     <span class='ocr_line' id='line_1_3' title="bbox 403 1003 1571 1099; baseline -0.003 -19"><span class='ocrx_word' id='word_1_14' title='bbox 403 1012 488 1099; x_wconf 77' lang='lat' dir='ltr'><strong>pratri</strong></span> <span class='ocrx_word' id='word_1_15' title='bbox 506 1010 571 1077; x_wconf 80' lang='grc' dir='ltr'><strong>τῶν</strong></span> <span class='ocrx_word' id='word_1_16' title='bbox 590 1003 726 1096; x_wconf 76' lang='grc' dir='ltr'><strong><em>ὁμοίων.</em></strong></span> <span class='ocrx_word' id='word_1_17' title='bbox 760 1012 819 1089; x_wconf 77' lang='lat' dir='ltr'><strong>uui</strong></span> <span class='ocrx_word' id='word_1_18' title='bbox 838 1012 920 1075; x_wconf 88' lang='lat' dir='ltr'><strong>aliter</strong></span> <span class='ocrx_word' id='word_1_19' title='bbox 938 1012 1004 1075; x_wconf 88' lang='lat' dir='ltr'><strong>eius</strong></span> <span class='ocrx_word' id='word_1_20' title='bbox 1019 1013 1107 1076; x_wconf 70' lang='lat' dir='ltr'><strong>aeria</strong></span> <span class='ocrx_word' id='word_1_21' title='bbox 1122 1012 1214 1095; x_wconf 88' lang='lat' dir='ltr'><strong>aecipi</strong></span> <span class='ocrx_word' id='word_1_22' title='bbox 1230 1014 1341 1091; x_wconf 75' lang='lat' dir='ltr'><strong>volent,</strong></span> <span class='ocrx_word' id='word_1_23' title='bbox 1362 1014 1392 1077; x_wconf 84' lang='lat' dir='ltr'><strong>lri</strong></span> <span class='ocrx_word' id='word_1_24' title='bbox 1406 1014 1493 1077; x_wconf 80' lang='lat' dir='ltr'><strong>nobie</strong></span> <span class='ocrx_word' id='word_1_25' title='bbox 1509 1032 1571 1077; x_wconf 88' lang='lat' dir='ltr'><strong>non</strong></span> 
     </span>
     <span class='ocr_line' id='line_1_4' title="bbox 403 1116 1573 1200; baseline -0.001 -18"><span class='ocrx_word' id='word_1_26' title='bbox 403 1138 588 1199; x_wconf 75' lang='lat' dir='ltr'><strong>exponere</strong></span> <span class='ocrx_word' id='word_1_27' title='bbox 601 1116 665 1180; x_wconf 86' lang='lat' dir='ltr'><strong>eins</strong></span> <span class='ocrx_word' id='word_1_28' title='bbox 678 1116 851 1190; x_wconf 72' lang='lat' dir='ltr'><strong>orationum</strong></span> <span class='ocrx_word' id='word_1_29' title='bbox 865 1116 918 1179; x_wconf 83' lang='lat' dir='ltr'><strong>aed</strong></span> <span class='ocrx_word' id='word_1_30' title='bbox 934 1134 1140 1199; x_wconf 77' lang='lat' dir='ltr'>supponere</span> <span class='ocrx_word' id='word_1_31' title='bbox 1153 1117 1262 1200; x_wconf 88' lang='lat' dir='ltr'><strong>aliquid</strong></span> <span class='ocrx_word' id='word_1_32' title='bbox 1274 1118 1311 1182; x_wconf 86' lang='lat' dir='ltr'><strong>de</strong></span> <span class='ocrx_word' id='word_1_33' title='bbox 1322 1138 1378 1183; x_wconf 84' lang='lat' dir='ltr'><strong>auo</strong></span> <span class='ocrx_word' id='word_1_34' title='bbox 1390 1117 1573 1189; x_wconf 80' lang='lat' dir='ltr'><strong>videbuntur.</strong></span> 
     </span>
     <span class='ocr_line' id='line_1_5' title="bbox 403 1219 1572 1305; baseline 0.001 -22"><span class='ocrx_word' id='word_1_35' title='bbox 403 1222 656 1304; x_wconf 72' lang='lat' dir='ltr'><strong>quemadmodum</strong></span> <span class='ocrx_word' id='word_1_36' title='bbox 675 1219 925 1302; x_wconf 81' lang='lat' dir='ltr'><strong>lleplristoplrelea</strong></span> <span class='ocrx_word' id='word_1_37' title='bbox 938 1219 1016 1302; x_wconf 86' lang='lat' dir='ltr'><strong>apud</strong></span> <span class='ocrx_word' id='word_1_38' title='bbox 1032 1231 1150 1302; x_wconf 89' lang='lat' dir='ltr'><strong>poetam</strong></span> <span class='ocrx_word' id='word_1_39' title='bbox 1166 1228 1303 1285; x_wconf 88' lang='lat' dir='ltr'><strong>nostrum</strong></span> <span class='ocrx_word' id='word_1_40' title='bbox 1319 1220 1474 1305; x_wconf 86' lang='lat' dir='ltr'><strong>praecipit,</strong></span> <span class='ocrx_word' id='word_1_41' title='bbox 1492 1220 1572 1303; x_wconf 90' lang='lat' dir='ltr'><strong>quod</strong></span> 
     </span>
     <span class='ocr_line' id='line_1_6' title="bbox 404 1322 1573 1409; baseline 0.002 -24"><span class='ocrx_word' id='word_1_42' title='bbox 404 1333 606 1409; x_wconf 71' lang='lat' dir='ltr'><strong>precaeptum,</strong></span> <span class='ocrx_word' id='word_1_43' title='bbox 628 1324 696 1387; x_wconf 77' lang='lat' dir='ltr'><strong>licet</strong></span> <span class='ocrx_word' id='word_1_44' title='bbox 721 1323 831 1386; x_wconf 71' lang='lat' dir='ltr'><strong>altillo</strong></span> <span class='ocrx_word' id='word_1_45' title='bbox 856 1322 1002 1405; x_wconf 81' lang='lat' dir='ltr'><strong>theologis</strong></span> <span class='ocrx_word' id='word_1_46' title='bbox 1022 1323 1178 1405; x_wconf 87' lang='lat' dir='ltr'><strong>praecipue</strong></span> <span class='ocrx_word' id='word_1_47' title='bbox 1198 1324 1313 1401; x_wconf 84' lang='lat' dir='ltr'><strong>datum,</strong></span> <span class='ocrx_word' id='word_1_48' title='bbox 1338 1324 1431 1387; x_wconf 91' lang='lat' dir='ltr'><strong>nimio</strong></span> <span class='ocrx_word' id='word_1_49' title='bbox 1456 1324 1573 1406; x_wconf 79' lang='lat' dir='ltr'><strong>saepius</strong></span> 
     </span>
     <span class='ocr_line' id='line_1_7' title="bbox 405 1426 1573 1509; baseline -0.003 -17"><span class='ocrx_word' id='word_1_50' title='bbox 405 1440 502 1492; x_wconf 81' lang='lat' dir='ltr'><strong>meren</strong></span> <span class='ocrx_word' id='word_1_51' title='bbox 521 1428 610 1491; x_wconf 88' lang='lat' dir='ltr'><strong>etiarn</strong></span> <span class='ocrx_word' id='word_1_52' title='bbox 631 1427 790 1491; x_wconf 85' lang='lat' dir='ltr'><strong>iristorlcoe</strong></span> <span class='ocrx_word' id='word_1_53' title='bbox 808 1437 838 1490; x_wconf 90' lang='lat' dir='ltr'><strong>et</strong></span> <span class='ocrx_word' id='word_1_54' title='bbox 858 1427 1027 1509; x_wconf 75' lang='lat' dir='ltr'><strong>philologos</strong></span> <span class='ocrx_word' id='word_1_55' title='bbox 1047 1428 1130 1509; x_wconf 81' lang='lat' dir='ltr'><strong>sequi</strong></span> <span class='ocrx_word' id='word_1_56' title='bbox 1150 1428 1293 1492; x_wconf 79' lang='lat' dir='ltr'><strong>ridemus.</strong></span> <span class='ocrx_word' id='word_1_57' title='bbox 1331 1428 1413 1504; x_wconf 82' lang='lat' dir='ltr'><strong>Quae</strong></span> <span class='ocrx_word' id='word_1_58' title='bbox 1428 1446 1518 1509; x_wconf 85' lang='lat' dir='ltr'><strong>quum</strong></span> <span class='ocrx_word' id='word_1_59' title='bbox 1535 1426 1573 1489; x_wconf 90' lang='lat' dir='ltr'><strong>ita</strong></span> 
     </span>
     <span class='ocr_line' id='line_1_8' title="bbox 403 1530 1573 1617; baseline -0.004 -19"><span class='ocrx_word' id='word_1_60' title='bbox 403 1535 472 1608; x_wconf 80' lang='lat' dir='ltr'><strong>sint.</strong></span> <span class='ocrx_word' id='word_1_61' title='bbox 488 1532 623 1617; x_wconf 76' lang='lat' dir='ltr'><strong>equidem</strong></span> <span class='ocrx_word' id='word_1_62' title='bbox 640 1531 784 1596; x_wconf 73' lang='lat' dir='ltr'><strong>veriorem</strong></span> <span class='ocrx_word' id='word_1_63' title='bbox 799 1552 864 1595; x_wconf 89' lang='lat' dir='ltr'><strong>earu</strong></span> <span class='ocrx_word' id='word_1_64' title='bbox 880 1530 1154 1615; x_wconf 80' lang='lat' dir='ltr'><strong>interpretationem</strong></span> <span class='ocrx_word' id='word_1_65' title='bbox 1170 1551 1235 1595; x_wconf 85' lang='lat' dir='ltr'><strong>esse</strong></span> <span class='ocrx_word' id='word_1_66' title='bbox 1251 1530 1362 1606; x_wconf 84' lang='lat' dir='ltr'><strong>iudico,</strong></span> <span class='ocrx_word' id='word_1_67' title='bbox 1378 1550 1467 1613; x_wconf 87' lang='lat' dir='ltr'><strong>quam</strong></span> <span class='ocrx_word' id='word_1_68' title='bbox 1483 1549 1573 1612; x_wconf 87' lang='lat' dir='ltr'><strong>supra</strong></span> 
     </span>
     <span class='ocr_line' id='line_1_9' title="bbox 403 1633 1092 1721; baseline -0.006 -18"><span class='ocrx_word' id='word_1_69' title='bbox 403 1636 635 1703; x_wconf 81' lang='lat' dir='ltr'><strong>oumnrernorari</strong></span> <span class='ocrx_word' id='word_1_70' title='bbox 651 1658 668 1701; x_wconf 88' lang='lat' dir='ltr'><strong>a</strong></span> <span class='ocrx_word' id='word_1_71' title='bbox 682 1633 840 1701; x_wconf 82' lang='lat' dir='ltr'><strong>Sciraeiero</strong></span> <span class='ocrx_word' id='word_1_72' title='bbox 855 1636 1040 1721; x_wconf 86' lang='lat' dir='ltr'><strong>propositum</strong></span> <span class='ocrx_word' id='word_1_73' title='bbox 1051 1640 1092 1717; x_wconf 53' lang='grc' dir='ltr'><strong>ἢ).</strong></span> 
     </span>
     <span class='ocr_line' id='line_1_10' title="bbox 491 1736 1574 1826; baseline -0.006 -20"><span class='ocrx_word' id='word_1_74' title='bbox 491 1750 576 1821; x_wconf 71' lang='lat' dir='ltr'><strong>ortae</strong></span> <span class='ocrx_word' id='word_1_75' title='bbox 597 1763 691 1826; x_wconf 78' lang='lat' dir='ltr'><strong>promo</strong></span> <span class='ocrx_word' id='word_1_76' title='bbox 717 1744 875 1807; x_wconf 59' lang='lat' dir='ltr'><strong>lroelrellus</strong></span> <span class='ocrx_word' id='word_1_77' title='bbox 895 1751 1001 1805; x_wconf 81' lang='lat' dir='ltr'><strong>cerrum</strong></span> <span class='ocrx_word' id='word_1_78' title='bbox 1022 1738 1227 1805; x_wconf 87' lang='lat' dir='ltr'><strong>llerruaruturu</strong></span> <span class='ocrx_word' id='word_1_79' title='bbox 1251 1738 1398 1824; x_wconf 78' lang='grc' dir='ltr'>ιΙίιριιιιῑ,</span> <span class='ocrx_word' id='word_1_80' title='bbox 1423 1738 1460 1801; x_wconf 91' lang='lat' dir='ltr'><strong>ad</strong></span> <span class='ocrx_word' id='word_1_81' title='bbox 1480 1736 1574 1821; x_wconf 86' lang='lat' dir='ltr'><strong>epim-</strong></span> 
     </span>
     <span class='ocr_line' id='line_1_11' title="bbox 405 1842 1574 1930; baseline -0.009 -17"><span class='ocrx_word' id='word_1_82' title='bbox 405 1849 466 1913; x_wconf 87' lang='lat' dir='ltr'><strong>riae</strong></span> <span class='ocrx_word' id='word_1_83' title='bbox 482 1849 689 1930; x_wconf 74' lang='lat' dir='ltr'><strong>caragistratoru</strong></span> <span class='ocrx_word' id='word_1_84' title='bbox 706 1848 865 1929; x_wconf 87' lang='lat' dir='ltr'><strong>pertinent.</strong></span> <span class='ocrx_word' id='word_1_85' title='bbox 898 1847 973 1911; x_wconf 71' lang='lat' dir='ltr'><strong>Nasu</strong></span> <span class='ocrx_word' id='word_1_86' title='bbox 990 1866 1082 1929; x_wconf 81' lang='lat' dir='ltr'><strong>quotu</strong></span> <span class='ocrx_word' id='word_1_87' title='bbox 1100 1846 1232 1928; x_wconf 86' lang='lat' dir='ltr'><strong>rplroros</strong></span> <span class='ocrx_word' id='word_1_88' title='bbox 1247 1842 1422 1907; x_wconf 80' lang='lat' dir='ltr'><strong>Aristoteles</strong></span> <span class='ocrx_word' id='word_1_89' title='bbox 1437 1863 1471 1906; x_wconf 82' lang='lat' dir='ltr'><strong>ea</strong></span> <span class='ocrx_word' id='word_1_90' title='bbox 1490 1842 1574 1925; x_wconf 85' lang='lat' dir='ltr'><strong>plelre</strong></span> 
     </span>
     <span class='ocr_line' id='line_1_12' title="bbox 405 1937 1575 2031; baseline -0.007 -14"><span class='ocrx_word' id='word_1_91' title='bbox 405 1952 501 2017; x_wconf 84' lang='lat' dir='ltr'><strong>creari</strong></span> <span class='ocrx_word' id='word_1_92' title='bbox 519 1953 625 2016; x_wconf 83' lang='lat' dir='ltr'><strong>solitos</strong></span> <span class='ocrx_word' id='word_1_93' title='bbox 640 1974 708 2015; x_wconf 81' lang='lat' dir='ltr'><strong>esse</strong></span> <span class='ocrx_word' id='word_1_94' title='bbox 725 1961 865 2026; x_wconf 83' lang='lat' dir='ltr'><strong>testetur,</strong></span> <span class='ocrx_word' id='word_1_95' title='bbox 888 1952 917 2015; x_wconf 90' lang='grc' dir='ltr'>Ιι.</span> <span class='ocrx_word' id='word_1_96' title='bbox 933 1972 960 2013; x_wconf 85' lang='lat' dir='ltr'><strong>r.</strong></span> <span class='ocrx_word' id='word_1_97' title='bbox 977 1970 1038 2014; x_wconf 90' lang='lat' dir='ltr'><strong>nou</strong></span> <span class='ocrx_word' id='word_1_98' title='bbox 1054 1970 1088 2013; x_wconf 83' lang='lat' dir='ltr'><strong>ox</strong></span> <span class='ocrx_word' id='word_1_99' title='bbox 1107 1948 1143 2012; x_wconf 77' lang='lat' dir='ltr'><strong>iis·</strong></span> <span class='ocrx_word' id='word_1_100' title='bbox 1159 1969 1236 2031; x_wconf 82' lang='grc' dir='ltr'>ιριοι</span> <span class='ocrx_word' id='word_1_101' title='bbox 1253 1948 1317 2030; x_wconf 88' lang='lat' dir='ltr'><strong>ipse</strong></span> <span class='ocrx_word' id='word_1_102' title='bbox 1334 1942 1455 2023; x_wconf 70' lang='lat' dir='ltr'><strong>aedeis</strong></span> <span class='ocrx_word' id='word_1_103' title='bbox 1469 1937 1575 2030; x_wconf 77' lang='lat' dir='ltr'><strong>acipe-</strong></span> 
     </span>
     <span class='ocr_line' id='line_1_13' title="bbox 405 2052 1574 2138; baseline -0.009 -15"><span class='ocrx_word' id='word_1_104' title='bbox 405 2053 494 2135; x_wconf 63' lang='lat' dir='ltr'><strong>aare</strong></span> <span class='ocrx_word' id='word_1_105' title='bbox 512 2056 596 2126; x_wconf 82' lang='lat' dir='ltr'><strong>dicit.</strong></span> <span class='ocrx_word' id='word_1_106' title='bbox 623 2056 676 2119; x_wconf 85' lang='lat' dir='ltr'><strong>sed</strong></span> <span class='ocrx_word' id='word_1_107' title='bbox 695 2057 864 2138; x_wconf 85' lang='lat' dir='ltr'><strong>promiscue</strong></span> <span class='ocrx_word' id='word_1_108' title='bbox 885 2076 919 2118; x_wconf 79' lang='lat' dir='ltr'><strong>er</strong></span> <span class='ocrx_word' id='word_1_109' title='bbox 941 2054 1024 2119; x_wconf 72' lang='lat' dir='ltr'><strong>terreni</strong></span> <span class='ocrx_word' id='word_1_110' title='bbox 1045 2054 1245 2129; x_wconf 82' lang='lat' dir='ltr'><strong>nruditudine,</strong></span> <span class='ocrx_word' id='word_1_111' title='bbox 1265 2052 1456 2116; x_wconf 85' lang='lat' dir='ltr'><strong>llerrrrannus</strong></span> <span class='ocrx_word' id='word_1_112' title='bbox 1476 2060 1574 2114; x_wconf 88' lang='lat' dir='ltr'><strong>antem</strong></span> 
     </span>
     <span class='ocr_line' id='line_1_14' title="bbox 406 2152 1575 2246; baseline -0.007 -21"><span class='ocrx_word' id='word_1_113' title='bbox 406 2155 527 2237; x_wconf 59' lang='lat' dir='ltr'><strong>anteit·</strong></span> <span class='ocrx_word' id='word_1_114' title='bbox 538 2152 712 2246; x_wconf 64' lang='lat' dir='ltr'><strong>adparere</strong></span> <span class='ocrx_word' id='word_1_115' title='bbox 727 2170 814 2244; x_wconf 81' lang='lat' dir='ltr'><strong>atque</strong></span> <span class='ocrx_word' id='word_1_116' title='bbox 826 2160 980 2223; x_wconf 84' lang='lat' dir='ltr'><strong>llorrroeos</strong></span> <span class='ocrx_word' id='word_1_117' title='bbox 996 2158 1118 2221; x_wconf 76' lang='lat' dir='ltr'><strong>eerrsderu</strong></span> <span class='ocrx_word' id='word_1_118' title='bbox 1135 2178 1203 2220; x_wconf 86' lang='lat' dir='ltr'><strong>essu</strong></span> <span class='ocrx_word' id='word_1_119' title='bbox 1220 2164 1339 2229; x_wconf 85' lang='lat' dir='ltr'><strong>statuat,</strong></span> <span class='ocrx_word' id='word_1_120' title='bbox 1355 2173 1419 2218; x_wconf 88' lang='lat' dir='ltr'><strong>reru</strong></span> <span class='ocrx_word' id='word_1_121' title='bbox 1431 2154 1575 2237; x_wconf 83' lang='lat' dir='ltr'><strong>consequi</strong></span> 
     </span>
     <span class='ocr_line' id='line_1_15' title="bbox 408 2259 1576 2349; baseline -0.009 -20"><span class='ocrx_word' id='word_1_122' title='bbox 408 2285 534 2349; x_wconf 86' lang='lat' dir='ltr'><strong>prorsus</strong></span> <span class='ocrx_word' id='word_1_123' title='bbox 555 2265 660 2328; x_wconf 88' lang='lat' dir='ltr'><strong>urirarn</strong></span> <span class='ocrx_word' id='word_1_124' title='bbox 682 2276 770 2347; x_wconf 78' lang='lat' dir='ltr'><strong>astque</strong></span> <span class='ocrx_word' id='word_1_125' title='bbox 791 2264 1009 2337; x_wconf 79' lang='lat' dir='ltr'><strong>irrcrediiriiout,</strong></span> <span class='ocrx_word' id='word_1_126' title='bbox 1030 2272 1062 2326; x_wconf 89' lang='lat' dir='ltr'><strong>ut</strong></span> <span class='ocrx_word' id='word_1_127' title='bbox 1078 2282 1230 2325; x_wconf 86' lang='lat' dir='ltr'><strong>strrrrururn</strong></span> <span class='ocrx_word' id='word_1_128' title='bbox 1247 2259 1454 2343; x_wconf 80' lang='lat' dir='ltr'><strong>trangistratnru</strong></span> <span class='ocrx_word' id='word_1_129' title='bbox 1470 2278 1576 2341; x_wconf 80' lang='lat' dir='ltr'><strong>captore</strong></span> 
     </span>
     <span class='ocr_line' id='line_1_16' title="bbox 408 2364 1575 2451; baseline -0.007 -19"><span class='ocrx_word' id='word_1_130' title='bbox 408 2370 445 2432; x_wconf 79' lang='lat' dir='ltr'><strong>iis</strong></span> <span class='ocrx_word' id='word_1_131' title='bbox 459 2369 633 2433; x_wconf 83' lang='lat' dir='ltr'><strong>lrourirrilrns</strong></span> <span class='ocrx_word' id='word_1_132' title='bbox 644 2370 767 2441; x_wconf 85' lang='lat' dir='ltr'><strong>licuerit,</strong></span> <span class='ocrx_word' id='word_1_133' title='bbox 782 2369 834 2451; x_wconf 87' lang='lat' dir='ltr'><strong>qui</strong></span> <span class='ocrx_word' id='word_1_134' title='bbox 845 2378 894 2432; x_wconf 87' lang='lat' dir='ltr'><strong>aut</strong></span> <span class='ocrx_word' id='word_1_135' title='bbox 908 2376 1032 2450; x_wconf 89' lang='lat' dir='ltr'><strong>propter</strong></span> <span class='ocrx_word' id='word_1_136' title='bbox 1043 2374 1206 2448; x_wconf 78' lang='lat' dir='ltr'><strong>egestatem</strong></span> <span class='ocrx_word' id='word_1_137' title='bbox 1219 2373 1270 2427; x_wconf 90' lang='lat' dir='ltr'><strong>aut</strong></span> <span class='ocrx_word' id='word_1_138' title='bbox 1281 2373 1405 2446; x_wconf 89' lang='lat' dir='ltr'><strong>propter</strong></span> <span class='ocrx_word' id='word_1_139' title='bbox 1416 2364 1575 2445; x_wconf 80' lang='lat' dir='ltr'><strong>neglectam</strong></span> 
     </span>
     <span class='ocr_line' id='line_1_17' title="bbox 408 2466 1576 2553; baseline -0.007 -19"><span class='ocrx_word' id='word_1_140' title='bbox 408 2472 595 2553; x_wconf 77' lang='lat' dir='ltr'><strong>disciplinam</strong></span> <span class='ocrx_word' id='word_1_141' title='bbox 622 2471 736 2535; x_wconf 75' lang='lat' dir='ltr'><strong>ciuilem</strong></span> <span class='ocrx_word' id='word_1_142' title='bbox 762 2470 967 2533; x_wconf 86' lang='lat' dir='ltr'><strong>llornoeorurn</strong></span> <span class='ocrx_word' id='word_1_143' title='bbox 991 2488 1115 2533; x_wconf 86' lang='lat' dir='ltr'><strong>nurnero</strong></span> <span class='ocrx_word' id='word_1_144' title='bbox 1136 2468 1247 2530; x_wconf 80' lang='lat' dir='ltr'><strong>exclusi</strong></span> <span class='ocrx_word' id='word_1_145' title='bbox 1269 2468 1299 2531; x_wconf 89' lang='lat' dir='ltr'><strong>ir.</strong></span> <span class='ocrx_word' id='word_1_146' title='bbox 1319 2488 1344 2529; x_wconf 89' lang='lat' dir='ltr'><strong>e.</strong></span> <span class='ocrx_word' id='word_1_147' title='bbox 1373 2467 1487 2550; x_wconf 87' lang='lat' dir='ltr'><strong>optimo</strong></span> <span class='ocrx_word' id='word_1_148' title='bbox 1512 2466 1576 2529; x_wconf 87' lang='lat' dir='ltr'><strong>iure</strong></span> 
     </span>
     <span class='ocr_line' id='line_1_18' title="bbox 407 2569 1576 2656; baseline -0.005 -19"><span class='ocrx_word' id='word_1_149' title='bbox 407 2574 533 2637; x_wconf 77' lang='lat' dir='ltr'><strong>civitatis</strong></span> <span class='ocrx_word' id='word_1_150' title='bbox 555 2574 659 2656; x_wconf 73' lang='lat' dir='ltr'><strong>privati</strong></span> <span class='ocrx_word' id='word_1_151' title='bbox 679 2584 795 2644; x_wconf 82' lang='lat' dir='ltr'><strong>essent.</strong></span> <span class='ocrx_word' id='word_1_152' title='bbox 820 2573 845 2635; x_wconf 87' lang='lat' dir='ltr'><strong>si</strong></span> <span class='ocrx_word' id='word_1_153' title='bbox 866 2573 987 2654; x_wconf 82' lang='lat' dir='ltr'><strong>quidem</strong></span> <span class='ocrx_word' id='word_1_154' title='bbox 1009 2570 1081 2635; x_wconf 88' lang='lat' dir='ltr'><strong>nolli</strong></span> <span class='ocrx_word' id='word_1_155' title='bbox 1101 2570 1161 2633; x_wconf 81' lang='lat' dir='ltr'><strong>siut</strong></span> <span class='ocrx_word' id='word_1_156' title='bbox 1180 2579 1298 2652; x_wconf 77' lang='lat' dir='ltr'><strong>praeter</strong></span> <span class='ocrx_word' id='word_1_157' title='bbox 1317 2571 1376 2634; x_wconf 90' lang='lat' dir='ltr'><strong>hoc</strong></span> <span class='ocrx_word' id='word_1_158' title='bbox 1396 2588 1506 2652; x_wconf 78' lang='lat' dir='ltr'><strong>genna,</strong></span> <span class='ocrx_word' id='word_1_159' title='bbox 1527 2569 1576 2651; x_wconf 79' lang='lat' dir='ltr'><strong>tpui</strong></span> 
     </span>
     <span class='ocr_line' id='line_1_19' title="bbox 408 2667 1576 2761; baseline -0.002 -24"><span class='ocrx_word' id='word_1_160' title='bbox 408 2677 522 2759; x_wconf 88' lang='lat' dir='ltr'><strong>opponi</strong></span> <span class='ocrx_word' id='word_1_161' title='bbox 540 2675 685 2739; x_wconf 84' lang='lat' dir='ltr'><strong>llouroeis</strong></span> <span class='ocrx_word' id='word_1_162' title='bbox 705 2667 812 2761; x_wconf 62' lang='grc' dir='ltr'>δῆμοι·</span> <span class='ocrx_word' id='word_1_163' title='bbox 832 2698 858 2737; x_wconf 85' lang='lat' dir='ltr'><strong>s.</strong></span> <span class='ocrx_word' id='word_1_164' title='bbox 874 2675 969 2757; x_wconf 76' lang='lat' dir='ltr'><strong>ple-iris</strong></span> <span class='ocrx_word' id='word_1_165' title='bbox 984 2673 1105 2737; x_wconf 85' lang='lat' dir='ltr'><strong>uorrrine</strong></span> <span class='ocrx_word' id='word_1_166' title='bbox 1122 2673 1248 2754; x_wconf 87' lang='lat' dir='ltr'><strong>possint.</strong></span> <span class='ocrx_word' id='word_1_167' title='bbox 1277 2672 1314 2735; x_wconf 86' lang='lat' dir='ltr'><strong>Et</strong></span> <span class='ocrx_word' id='word_1_168' title='bbox 1329 2690 1401 2735; x_wconf 84' lang='lat' dir='ltr'><strong>sano</strong></span> <span class='ocrx_word' id='word_1_169' title='bbox 1416 2673 1475 2736; x_wconf 88' lang='lat' dir='ltr'><strong>hoe</strong></span> <span class='ocrx_word' id='word_1_170' title='bbox 1488 2670 1576 2735; x_wconf 81' lang='lat' dir='ltr'><strong>nobie</strong></span> 
     </span>
     <span class='ocr_line' id='line_1_20' title="bbox 409 2775 1576 2862; baseline -0.005 -20"><span class='ocrx_word' id='word_1_171' title='bbox 409 2800 529 2862; x_wconf 77' lang='lat' dir='ltr'><strong>quoquc</strong></span> <span class='ocrx_word' id='word_1_172' title='bbox 551 2797 671 2860; x_wconf 80' lang='lat' dir='ltr'><strong>serrrper</strong></span> <span class='ocrx_word' id='word_1_173' title='bbox 689 2778 860 2841; x_wconf 78' lang='lat' dir='ltr'><strong>incredibile</strong></span> <span class='ocrx_word' id='word_1_174' title='bbox 876 2778 970 2840; x_wconf 87' lang='lat' dir='ltr'><strong>risum</strong></span> <span class='ocrx_word' id='word_1_175' title='bbox 986 2786 1046 2851; x_wconf 75' lang='lat' dir='ltr'><strong>«et,</strong></span> <span class='ocrx_word' id='word_1_176' title='bbox 1068 2794 1165 2858; x_wconf 84' lang='lat' dir='ltr'><strong>neque</strong></span> <span class='ocrx_word' id='word_1_177' title='bbox 1179 2776 1370 2857; x_wconf 78' lang='lat' dir='ltr'><strong>agnoscimus</strong></span> <span class='ocrx_word' id='word_1_178' title='bbox 1385 2794 1451 2839; x_wconf 82' lang='lat' dir='ltr'><strong>eane</strong></span> <span class='ocrx_word' id='word_1_179' title='bbox 1466 2775 1509 2837; x_wconf 90' lang='lat' dir='ltr'><strong>rei</strong></span> <span class='ocrx_word' id='word_1_180' title='bbox 1524 2794 1576 2837; x_wconf 87' lang='lat' dir='ltr'><strong>ex·</strong></span> 
     </span>
     <span class='ocr_line' id='line_1_21' title="bbox 409 2878 1578 2963; baseline -0.004 -18"><span class='ocrx_word' id='word_1_181' title='bbox 409 2883 613 2963; x_wconf 86' lang='lat' dir='ltr'><strong>plicatiouern,</strong></span> <span class='ocrx_word' id='word_1_182' title='bbox 642 2900 733 2962; x_wconf 84' lang='lat' dir='ltr'><strong>quatu</strong></span> <span class='ocrx_word' id='word_1_183' title='bbox 758 2881 803 2943; x_wconf 81' lang='lat' dir='ltr'><strong>rir</strong></span> <span class='ocrx_word' id='word_1_184' title='bbox 827 2880 1029 2944; x_wconf 79' lang='lat' dir='ltr'><strong>arrrricissimue</strong></span> <span class='ocrx_word' id='word_1_185' title='bbox 1049 2880 1167 2962; x_wconf 80' lang='lat' dir='ltr'><strong>dntiqu.</strong></span> <span class='ocrx_word' id='word_1_186' title='bbox 1188 2880 1255 2942; x_wconf 84' lang='lat' dir='ltr'><strong>Lae.</strong></span> <span class='ocrx_word' id='word_1_187' title='bbox 1282 2900 1310 2961; x_wconf 96' lang='grc' dir='ltr'><strong>ρ.</strong></span> <span class='ocrx_word' id='word_1_188' title='bbox 1337 2879 1394 2942; x_wconf 82' lang='grc'><strong>143</strong></span> <span class='ocrx_word' id='word_1_189' title='bbox 1420 2878 1578 2961; x_wconf 84' lang='lat' dir='ltr'><strong>proponit:</strong></span> 
     </span>
     <span class='ocr_line' id='line_1_22' title="bbox 411 2982 1576 3066; baseline -0.001 -20"><span class='ocrx_word' id='word_1_190' title='bbox 411 2986 618 3066; x_wconf 82' lang='lat' dir='ltr'><strong>„ephororum</strong></span> <span class='ocrx_word' id='word_1_191' title='bbox 635 2984 800 3063; x_wconf 77' lang='lat' dir='ltr'><strong>dignitato“</strong></span> <span class='ocrx_word' id='word_1_192' title='bbox 822 2984 918 3065; x_wconf 76' lang='lat' dir='ltr'><strong>inspuit</strong></span> <span class='ocrx_word' id='word_1_193' title='bbox 938 3003 1050 3064; x_wconf 61' lang='lat' dir='ltr'><strong>‚umaro</strong></span> <span class='ocrx_word' id='word_1_194' title='bbox 1073 2982 1173 3045; x_wconf 76' lang='lat' dir='ltr'><strong>renititis</strong></span> <span class='ocrx_word' id='word_1_195' title='bbox 1190 2982 1311 3045; x_wconf 73' lang='lat' dir='ltr'><strong>«lentum</strong></span> <span class='ocrx_word' id='word_1_196' title='bbox 1326 2992 1397 3065; x_wconf 84' lang='lat' dir='ltr'><strong>post</strong></span> <span class='ocrx_word' id='word_1_197' title='bbox 1410 2982 1576 3065; x_wconf 70' lang='lat' dir='ltr'><strong>Lycurgum</strong></span> 
     </span>
     <span class='ocr_line' id='line_1_23' title="bbox 411 3076 1577 3168; baseline 0.001 -19"><span class='ocrx_word' id='word_1_198' title='bbox 411 3088 497 3149; x_wconf 85' lang='lat' dir='ltr'><strong>aunis</strong></span> <span class='ocrx_word' id='word_1_199' title='bbox 511 3085 702 3148; x_wconf 75' lang='lat' dir='ltr'><strong>constitutam</strong></span> <span class='ocrx_word' id='word_1_200' title='bbox 718 3106 785 3147; x_wconf 86' lang='lat' dir='ltr'><strong>esse</strong></span> <span class='ocrx_word' id='word_1_201' title='bbox 800 3084 1040 3168; x_wconf 73' lang='lat' dir='ltr'><strong>locupletissimis</strong></span> <span class='ocrx_word' id='word_1_202' title='bbox 1057 3084 1229 3147; x_wconf 84' lang='lat' dir='ltr'><strong>arrctorilrua</strong></span> <span class='ocrx_word' id='word_1_203' title='bbox 1245 3085 1405 3159; x_wconf 84' lang='lat' dir='ltr'><strong>credimus,</strong></span> <span class='ocrx_word' id='word_1_204' title='bbox 1422 3104 1476 3149; x_wconf 85' lang='lat' dir='ltr'><strong>eur</strong></span> <span class='ocrx_word' id='word_1_205' title='bbox 1490 3076 1577 3151; x_wconf 75' lang='lat' dir='ltr'><strong>deo-</strong></span> 
     </span>
     <span class='ocr_line' id='line_1_24' title="bbox 408 3182 1576 3273; baseline 0.001 -21"><span class='ocrx_word' id='word_1_206' title='bbox 408 3182 538 3271; x_wconf 72' lang='grc' dir='ltr'>ρειόιες</span> <span class='ocrx_word' id='word_1_207' title='bbox 551 3199 733 3259; x_wconf 83' lang='lat' dir='ltr'><strong>arcerentur.</strong></span> <span class='ocrx_word' id='word_1_208' title='bbox 750 3209 839 3254; x_wconf 84' lang='lat' dir='ltr'><strong>causa</strong></span> <span class='ocrx_word' id='word_1_209' title='bbox 855 3190 885 3253; x_wconf 91' lang='lat' dir='ltr'><strong>iu</strong></span> <span class='ocrx_word' id='word_1_210' title='bbox 899 3190 1016 3271; x_wconf 78' lang='lat' dir='ltr'><strong>legibus·</strong></span> <span class='ocrx_word' id='word_1_211' title='bbox 1031 3207 1094 3253; x_wconf 90' lang='lat' dir='ltr'><strong>non</strong></span> <span class='ocrx_word' id='word_1_212' title='bbox 1108 3195 1202 3252; x_wconf 68' lang='lat' dir='ltr'><strong>eran*</strong></span> <span class='ocrx_word' id='word_1_213' title='bbox 1229 3188 1376 3253; x_wconf 84' lang='lat' dir='ltr'><strong>Nolumus</strong></span> <span class='ocrx_word' id='word_1_214' title='bbox 1392 3210 1472 3255; x_wconf 87' lang='lat' dir='ltr'><strong>nune</strong></span> <span class='ocrx_word' id='word_1_215' title='bbox 1485 3210 1576 3273; x_wconf 85' lang='lat' dir='ltr'><strong>quac-</strong></span> 
     </span>
     <span class='ocr_line' id='line_1_25' title="bbox 373 3290 1576 3376; baseline 0 -20"><span class='ocrx_word' id='word_1_216' title='bbox 373 3311 482 3367; x_wconf 67' lang='grc' dir='ltr'>μαι,</span> <span class='ocrx_word' id='word_1_217' title='bbox 502 3312 562 3375; x_wconf 84' lang='lat' dir='ltr'><strong>quo</strong></span> <span class='ocrx_word' id='word_1_218' title='bbox 583 3303 718 3375; x_wconf 87' lang='lat' dir='ltr'><strong>tempore</strong></span> <span class='ocrx_word' id='word_1_219' title='bbox 739 3292 845 3376; x_wconf 86' lang='lat' dir='ltr'><strong>eplrori</strong></span> <span class='ocrx_word' id='word_1_220' title='bbox 866 3292 997 3375; x_wconf 85' lang='lat' dir='ltr'><strong>primurn</strong></span> <span class='ocrx_word' id='word_1_221' title='bbox 1017 3290 1170 3355; x_wconf 82' lang='lat' dir='ltr'><strong>corretituti</strong></span> <span class='ocrx_word' id='word_1_222' title='bbox 1190 3290 1264 3365; x_wconf 72' lang='lat' dir='ltr'><strong>sieta</strong></span> <span class='ocrx_word' id='word_1_223' title='bbox 1289 3309 1358 3355; x_wconf 88' lang='lat' dir='ltr'><strong>narn</strong></span> <span class='ocrx_word' id='word_1_224' title='bbox 1380 3292 1441 3357; x_wconf 83' lang='lat' dir='ltr'><strong>aive</strong></span> <span class='ocrx_word' id='word_1_225' title='bbox 1461 3294 1576 3357; x_wconf 79' lang='lat' dir='ltr'><strong>lelanto</strong></span> 
     </span>
     <span class='ocr_line' id='line_1_26' title="bbox 408 3396 1576 3478; baseline 0.002 -21"><span class='ocrx_word' id='word_1_226' title='bbox 408 3396 576 3478; x_wconf 76' lang='lat' dir='ltr'><strong>Lycurgum</strong></span> <span class='ocrx_word' id='word_1_227' title='bbox 601 3396 662 3457; x_wconf 82' lang='lat' dir='ltr'><strong>sire</strong></span> <span class='ocrx_word' id='word_1_228' title='bbox 681 3406 751 3476; x_wconf 87' lang='lat' dir='ltr'><strong>post</strong></span> <span class='ocrx_word' id='word_1_229' title='bbox 770 3416 839 3458; x_wconf 90' lang='lat' dir='ltr'><strong>euru</strong></span> <span class='ocrx_word' id='word_1_230' title='bbox 863 3398 972 3458; x_wconf 76' lang='lat' dir='ltr'><strong>[arctum</strong></span> <span class='ocrx_word' id='word_1_231' title='bbox 993 3416 1058 3459; x_wconf 84' lang='lat' dir='ltr'><strong>esse</strong></span> <span class='ocrx_word' id='word_1_232' title='bbox 1079 3396 1232 3470; x_wconf 68' lang='lat' dir='ltr'><strong>stanuum,</strong></span> <span class='ocrx_word' id='word_1_233' title='bbox 1259 3404 1434 3477; x_wconf 81' lang='lat' dir='ltr'><strong>potestatem</strong></span> <span class='ocrx_word' id='word_1_234' title='bbox 1456 3396 1576 3478; x_wconf 76' lang='lat' dir='ltr'><strong>‹prideur</strong></span> 
     </span>
     <span class='ocr_line' id='line_1_27' title="bbox 408 3496 1575 3581; baseline 0 -20"><span class='ocrx_word' id='word_1_235' title='bbox 408 3518 514 3561; x_wconf 86' lang='lat' dir='ltr'><strong>corum</strong></span> <span class='ocrx_word' id='word_1_236' title='bbox 539 3498 576 3560; x_wconf 89' lang='lat' dir='ltr'><strong>ad</strong></span> <span class='ocrx_word' id='word_1_237' title='bbox 602 3496 680 3560; x_wconf 87' lang='lat' dir='ltr'><strong>illam</strong></span> <span class='ocrx_word' id='word_1_238' title='bbox 706 3497 944 3578; x_wconf 86' lang='lat' dir='ltr'><strong>amplitudinem,</strong></span> <span class='ocrx_word' id='word_1_239' title='bbox 970 3518 1060 3581; x_wconf 84' lang='grc' dir='ltr'>ιριιιιι</span> <span class='ocrx_word' id='word_1_240' title='bbox 1088 3518 1123 3559; x_wconf 78' lang='lat' dir='ltr'><strong>rs</strong></span> <span class='ocrx_word' id='word_1_241' title='bbox 1149 3496 1274 3561; x_wconf 87' lang='lat' dir='ltr'><strong>historia</strong></span> <span class='ocrx_word' id='word_1_242' title='bbox 1299 3497 1452 3573; x_wconf 85' lang='lat' dir='ltr'><strong>norimus,</strong></span> <span class='ocrx_word' id='word_1_243' title='bbox 1479 3499 1575 3581; x_wconf 86' lang='lat' dir='ltr'><strong>aliquo</strong></span> 
     </span>
     <span class='ocr_line' id='line_1_28' title="bbox 409 3600 1577 3682; baseline 0 -19"><span class='ocrx_word' id='word_1_244' title='bbox 409 3603 529 3664; x_wconf 82' lang='lat' dir='ltr'><strong>demunt</strong></span> <span class='ocrx_word' id='word_1_245' title='bbox 555 3610 625 3682; x_wconf 91' lang='lat' dir='ltr'><strong>post</strong></span> <span class='ocrx_word' id='word_1_246' title='bbox 650 3602 979 3682; x_wconf 67' lang='lat' dir='ltr'><strong>nycorgumuempore</strong></span> <span class='ocrx_word' id='word_1_247' title='bbox 1005 3601 1172 3665; x_wconf 74' lang='lat' dir='ltr'><strong>excrevisse</strong></span> <span class='ocrx_word' id='word_1_248' title='bbox 1198 3600 1271 3664; x_wconf 79' lang='lat' dir='ltr'><strong>natio</strong></span> <span class='ocrx_word' id='word_1_249' title='bbox 1298 3610 1424 3664; x_wconf 76' lang='lat' dir='ltr'><strong>constat.</strong></span> <span class='ocrx_word' id='word_1_250' title='bbox 1457 3602 1518 3665; x_wconf 85' lang='lat' dir='ltr'><strong>Sed</strong></span> <span class='ocrx_word' id='word_1_251' title='bbox 1544 3614 1577 3665; x_wconf 91' lang='lat' dir='ltr'><strong>ut</strong></span> 
     </span>
     <span class='ocr_line' id='line_1_29' title="bbox 411 3702 1576 3786; baseline 0.003 -23"><span class='ocrx_word' id='word_1_252' title='bbox 411 3704 607 3765; x_wconf 78' lang='lat' dir='ltr'><strong>eonmdamua</strong></span> <span class='ocrx_word' id='word_1_253' title='bbox 632 3702 722 3765; x_wconf 87' lang='lat' dir='ltr'><strong>etiam</strong></span> <span class='ocrx_word' id='word_1_254' title='bbox 748 3703 844 3783; x_wconf 82' lang='lat' dir='ltr'><strong>priora</strong></span> <span class='ocrx_word' id='word_1_255' title='bbox 864 3703 929 3765; x_wconf 86' lang='lat' dir='ltr'><strong>eius</strong></span> <span class='ocrx_word' id='word_1_256' title='bbox 948 3706 1140 3786; x_wconf 78' lang='lat' dir='ltr'><strong>reregistratua</strong></span> <span class='ocrx_word' id='word_1_257' title='bbox 1162 3702 1242 3767; x_wconf 88' lang='lat' dir='ltr'><strong>initia</strong></span> <span class='ocrx_word' id='word_1_258' title='bbox 1261 3704 1395 3785; x_wconf 72' lang='lat' dir='ltr'><strong>Lycurgo</strong></span> <span class='ocrx_word' id='word_1_259' title='bbox 1414 3704 1576 3769; x_wconf 82' lang='lat' dir='ltr'><strong>recentiora</strong></span> 
     </span>
     <span class='ocr_line' id='line_1_30' title="bbox 412 3796 1576 3886; baseline 0.005 -22"><span class='ocrx_word' id='word_1_260' title='bbox 412 3824 494 3878; x_wconf 83' lang='lat' dir='ltr'><strong>esse,</strong></span> <span class='ocrx_word' id='word_1_261' title='bbox 518 3822 592 3866; x_wconf 89' lang='lat' dir='ltr'><strong>num</strong></span> <span class='ocrx_word' id='word_1_262' title='bbox 606 3814 686 3868; x_wconf 87' lang='lat' dir='ltr'><strong>reete</strong></span> <span class='ocrx_word' id='word_1_263' title='bbox 700 3814 861 3886; x_wconf 85' lang='lat' dir='ltr'><strong>propterea</strong></span> <span class='ocrx_word' id='word_1_264' title='bbox 875 3807 1026 3881; x_wconf 85' lang='lat' dir='ltr'><strong>dicemus,</strong></span> <span class='ocrx_word' id='word_1_265' title='bbox 1049 3826 1186 3879; x_wconf 73' lang='lat' dir='ltr'><strong>causaue,</strong></span> <span class='ocrx_word' id='word_1_266' title='bbox 1208 3823 1261 3867; x_wconf 90' lang='lat' dir='ltr'><strong>eur</strong></span> <span class='ocrx_word' id='word_1_267' title='bbox 1277 3796 1475 3886; x_wconf 65' lang='lat' dir='ltr'><strong>duoprimas</strong></span> <span class='ocrx_word' id='word_1_268' title='bbox 1489 3806 1526 3870; x_wconf 81' lang='lat' dir='ltr'><strong>air</strong></span> <span class='ocrx_word' id='word_1_269' title='bbox 1540 3827 1576 3870; x_wconf 87' lang='lat' dir='ltr'><strong>eo</strong></span> 
     </span>
     <span class='ocr_line' id='line_1_31' title="bbox 413 3905 1576 3989; baseline 0.007 -24"><span class='ocrx_word' id='word_1_270' title='bbox 413 3914 595 3981; x_wconf 84' lang='lat' dir='ltr'><strong>arcerentur,</strong></span> <span class='ocrx_word' id='word_1_271' title='bbox 626 3905 794 3987; x_wconf 77' lang='lat' dir='ltr'><strong>inlegibus</strong></span> <span class='ocrx_word' id='word_1_272' title='bbox 820 3908 929 3970; x_wconf 88' lang='lat' dir='ltr'><strong>nullam</strong></span> <span class='ocrx_word' id='word_1_273' title='bbox 956 3908 1070 3973; x_wconf 71' lang='lat' dir='ltr'><strong>inimo?</strong></span> <span class='ocrx_word' id='word_1_274' title='bbox 1109 3910 1188 3972; x_wconf 89' lang='lat' dir='ltr'><strong>Sane</strong></span> <span class='ocrx_word' id='word_1_275' title='bbox 1213 3907 1387 3972; x_wconf 83' lang='lat' dir='ltr'><strong>interdicere</strong></span> <span class='ocrx_word' id='word_1_276' title='bbox 1412 3910 1489 3989; x_wconf 81' lang='lat' dir='ltr'><strong>leges</strong></span> <span class='ocrx_word' id='word_1_277' title='bbox 1515 3928 1576 3973; x_wconf 90' lang='lat' dir='ltr'><strong>non</strong></span> 
     </span>
     <span class='ocr_line' id='line_1_32' title="bbox 414 4000 1576 4092; baseline 0.005 -25"><span class='ocrx_word' id='word_1_278' title='bbox 414 4017 581 4086; x_wconf 79' lang='lat' dir='ltr'><strong>potuertmt.</strong></span> <span class='ocrx_word' id='word_1_279' title='bbox 596 4028 633 4072; x_wconf 89' lang='lat' dir='ltr'><strong>ne</strong></span> <span class='ocrx_word' id='word_1_280' title='bbox 647 4009 714 4090; x_wconf 83' lang='lat' dir='ltr'><strong>quis</strong></span> <span class='ocrx_word' id='word_1_281' title='bbox 730 4028 766 4072; x_wconf 82' lang='lat' dir='ltr'><strong>ex</strong></span> <span class='ocrx_word' id='word_1_282' title='bbox 781 4000 992 4089; x_wconf 75' lang='grc' dir='ltr'>ὖποριιόιιυν</span> <span class='ocrx_word' id='word_1_283' title='bbox 1006 4028 1133 4073; x_wconf 85' lang='lat' dir='ltr'><strong>nunrero</strong></span> <span class='ocrx_word' id='word_1_284' title='bbox 1145 4010 1276 4092; x_wconf 78' lang='lat' dir='ltr'><strong>ephorus</strong></span> <span class='ocrx_word' id='word_1_285' title='bbox 1292 4010 1386 4085; x_wconf 84' lang='lat' dir='ltr'><strong>lieret,</strong></span> <span class='ocrx_word' id='word_1_286' title='bbox 1402 4028 1494 4091; x_wconf 92' lang='lat' dir='ltr'><strong>quum</strong></span> <span class='ocrx_word' id='word_1_287' title='bbox 1506 4012 1576 4075; x_wconf 87' lang='lat' dir='ltr'><strong>nulli</strong></span> 
     </span>
     <span class='ocr_line' id='line_1_33' title="bbox 414 4110 1576 4209; baseline 0.003 -37"><span class='ocrx_word' id='word_1_288' title='bbox 414 4110 510 4173; x_wconf 67' lang='lat' dir='ltr'><strong>mhuc</strong></span> <span class='ocrx_word' id='word_1_289' title='bbox 529 4110 632 4209; x_wconf 75' lang='lat' dir='ltr'><strong>ephori</strong></span> <span class='ocrx_word' id='word_1_290' title='bbox 651 4112 682 4173; x_wconf 94' lang='lat' dir='ltr'><strong>in</strong></span> <span class='ocrx_word' id='word_1_291' title='bbox 703 4130 735 4174; x_wconf 91' lang='lat' dir='ltr'><strong>re</strong></span> <span class='ocrx_word' id='word_1_292' title='bbox 754 4111 869 4193; x_wconf 84' lang='lat' dir='ltr'><strong>publica</strong></span> <span class='ocrx_word' id='word_1_293' title='bbox 888 4112 952 4176; x_wconf 90' lang='lat' dir='ltr'><strong>noti</strong></span> <span class='ocrx_word' id='word_1_294' title='bbox 972 4122 1087 4187; x_wconf 70' lang='lat' dir='ltr'><strong>omenta</strong></span> <span class='ocrx_word' id='word_1_295' title='bbox 1106 4122 1137 4175; x_wconf 88' lang='lat' dir='ltr'><strong>at</strong></span> <span class='ocrx_word' id='word_1_296' title='bbox 1156 4112 1372 4176; x_wconf 86' lang='lat' dir='ltr'><strong>interdixerunt</strong></span> <span class='ocrx_word' id='word_1_297' title='bbox 1386 4121 1485 4176; x_wconf 87' lang='lat' dir='ltr'><strong>tamen</strong></span> <span class='ocrx_word' id='word_1_298' title='bbox 1498 4112 1576 4193; x_wconf 77' lang='lat' dir='ltr'><strong>leges</strong></span> 
     </span>
     <span class='ocr_line' id='line_1_34' title="bbox 414 4210 1576 4297; baseline 0.007 -24"><span class='ocrx_word' id='word_1_299' title='bbox 414 4210 491 4273; x_wconf 85' lang='lat' dir='ltr'><strong>lraud</strong></span> <span class='ocrx_word' id='word_1_300' title='bbox 511 4212 665 4281; x_wconf 67' lang='lat' dir='ltr'><strong>nutrirem</strong></span> <span class='ocrx_word' id='word_1_301' title='bbox 680 4214 748 4295; x_wconf 83' lang='grc' dir='ltr'>ιριίι</span> <span class='ocrx_word' id='word_1_302' title='bbox 762 4214 833 4277; x_wconf 84' lang='lat' dir='ltr'><strong>ciria</strong></span> <span class='ocrx_word' id='word_1_303' title='bbox 850 4215 963 4297; x_wconf 88' lang='lat' dir='ltr'><strong>optimo</strong></span> <span class='ocrx_word' id='word_1_304' title='bbox 979 4215 1044 4279; x_wconf 88' lang='lat' dir='ltr'><strong>iura</strong></span> <span class='ocrx_word' id='word_1_305' title='bbox 1060 4223 1154 4290; x_wconf 84' lang='lat' dir='ltr'><strong>esset,</strong></span> <span class='ocrx_word' id='word_1_306' title='bbox 1175 4214 1234 4278; x_wconf 80' lang='lat' dir='ltr'><strong>nisi</strong></span> <span class='ocrx_word' id='word_1_307' title='bbox 1250 4214 1301 4297; x_wconf 88' lang='lat' dir='ltr'><strong>qni</strong></span> <span class='ocrx_word' id='word_1_308' title='bbox 1316 4214 1457 4279; x_wconf 81' lang='lat' dir='ltr'><strong>omnibns</strong></span> <span class='ocrx_word' id='word_1_309' title='bbox 1471 4216 1576 4283; x_wconf 81' lang='lat' dir='ltr'><strong>officiis</strong></span> 
     </span>
     <span class='ocr_line' id='line_1_35' title="bbox 413 4314 1575 4436; baseline 0.007 -59"><span class='ocrx_word' id='word_1_310' title='bbox 413 4314 544 4378; x_wconf 77' lang='lat' dir='ltr'><strong>ciuilibus</strong></span> <span class='ocrx_word' id='word_1_311' title='bbox 560 4316 728 4394; x_wconf 76' lang='lat' dir='ltr'><strong>mergeretur</strong></span> <span class='ocrx_word' id='word_1_312' title='bbox 741 4316 971 4436; x_wconf 81' lang='lat' dir='ltr'><strong>‹lisciplinaeque</strong></span> <span class='ocrx_word' id='word_1_313' title='bbox 984 4318 1097 4401; x_wconf 75' lang='lat' dir='ltr'><strong>legibus</strong></span> <span class='ocrx_word' id='word_1_314' title='bbox 1117 4317 1349 4399; x_wconf 76' lang='lat' dir='ltr'><strong>obtemperaret,</strong></span> <span class='ocrx_word' id='word_1_315' title='bbox 1376 4318 1465 4401; x_wconf 86' lang='lat' dir='ltr'><strong>idque</strong></span> <span class='ocrx_word' id='word_1_316' title='bbox 1482 4320 1575 4385; x_wconf 83' lang='lat' dir='ltr'><strong>inter·</strong></span> 
     </span>
     <span class='ocr_line' id='line_1_36' title="bbox 414 4417 1575 4539; baseline 0.007 -59"><span class='ocrx_word' id='word_1_317' title='bbox 414 4417 524 4539; x_wconf 72' lang='lat' dir='ltr'><strong>dietum</strong></span> <span class='ocrx_word' id='word_1_318' title='bbox 543 4418 710 4481; x_wconf 77' lang='lat' dir='ltr'><strong>necessario</strong></span> <span class='ocrx_word' id='word_1_319' title='bbox 729 4439 799 4493; x_wconf 81' lang='grc' dir='ltr'>ιιι,</span> <span class='ocrx_word' id='word_1_320' title='bbox 816 4440 867 4503; x_wconf 87' lang='lat' dir='ltr'><strong>qur</strong></span> <span class='ocrx_word' id='word_1_321' title='bbox 858 4420 925 4487; x_wconf 84' lang='lat' dir='ltr'><strong>ret</strong></span> <span class='ocrx_word' id='word_1_322' title='bbox 945 4432 1069 4505; x_wconf 85' lang='lat' dir='ltr'><strong>propter</strong></span> <span class='ocrx_word' id='word_1_323' title='bbox 1087 4420 1210 4485; x_wconf 77' lang='lat' dir='ltr'><strong>nimim</strong></span> <span class='ocrx_word' id='word_1_324' title='bbox 1226 4431 1431 4505; x_wconf 84' lang='lat' dir='ltr'><strong>paupertatem</strong></span> <span class='ocrx_word' id='word_1_325' title='bbox 1445 4423 1488 4487; x_wconf 82' lang='lat' dir='ltr'><strong>rel</strong></span> <span class='ocrx_word' id='word_1_326' title='bbox 1502 4442 1575 4505; x_wconf 90' lang='lat' dir='ltr'><strong>pro·</strong></span> 
     </span>
    </p>
   </div>
   <div class='ocr_carea' id='block_1_3' title="bbox 422 4540 1574 4649">
    <p class='ocr_par' dir='ltr' id='par_1_3' title="bbox 422 4540 1574 4649">
     <span class='ocr_line' id='line_1_37' title="bbox 422 4540 1574 4649; baseline 0.007 -24.432"><span class='ocrx_word' id='word_1_327' title='bbox 422 4540 507 4639; x_wconf 69' lang='grc' dir='ltr'><strong>δ’)</strong></span> <span class='ocrx_word' id='word_1_328' title='bbox 533 4570 639 4641; x_wconf 73' lang='lat' dir='ltr'><strong>despuit</strong></span> <span class='ocrx_word' id='word_1_329' title='bbox 656 4566 774 4627; x_wconf 45' lang='lat' dir='ltr'><strong>confit?</strong></span> <span class='ocrx_word' id='word_1_330' title='bbox 778 4578 805 4627; x_wconf 75' lang='grc' dir='ltr'><strong>[ὲ</strong></span> <span class='ocrx_word' id='word_1_331' title='bbox 822 4566 929 4629; x_wconf 59' lang='lat' dir='ltr'><strong>mia*</strong></span> <span class='ocrx_word' id='word_1_332' title='bbox 922 4592 947 4630; x_wconf 86' lang='lat' dir='ltr'><strong>ru</strong></span> <span class='ocrx_word' id='word_1_333' title='bbox 965 4578 1055 4631; x_wconf 78' lang='lat' dir='ltr'><strong>linoae</strong></span> <span class='ocrx_word' id='word_1_334' title='bbox 1071 4576 1159 4649; x_wconf 74' lang='lat' dir='ltr'><strong>pudet.</strong></span> <span class='ocrx_word' id='word_1_335' title='bbox 1177 4576 1297 4631; x_wconf 67' lang='lat' dir='ltr'><strong>nonus.</strong></span> <span class='ocrx_word' id='word_1_336' title='bbox 1311 4566 1364 4631; x_wconf 67' lang='lat' dir='ltr'><strong>zroi.</strong></span> <span class='ocrx_word' id='word_1_337' title='bbox 1383 4573 1426 4632; x_wconf 79' lang='lat' dir='ltr'><strong>lt‘</strong></span> <span class='ocrx_word' id='word_1_338' title='bbox 1425 4595 1451 4649; x_wconf 86' lang='lat' dir='ltr'><strong>p.</strong></span> <span class='ocrx_word' id='word_1_339' title='bbox 1449 4576 1510 4645; x_wconf 77' lang='lat' dir='ltr'><strong>&#39;,di</strong></span> <span class='ocrx_word' id='word_1_340' title='bbox 1514 4570 1574 4633; x_wconf 76' lang='grc' dir='ltr'>[ιιι</span> 
     </span>
    </p>
   </div>
   <div class='ocr_carea' id='block_1_4' title="bbox 412 4656 1574 4813">
    <p class='ocr_par' dir='ltr' id='par_1_4' title="bbox 412 4656 1574 4813">
     <span class='ocr_line' id='line_1_38' title="bbox 412 4656 1574 4737; baseline 0.007 -27"><span class='ocrx_word' id='word_1_341' title='bbox 412 4665 572 4725; x_wconf 65' lang='lat' dir='ltr'><strong>emmetra</strong></span> <span class='ocrx_word' id='word_1_342' title='bbox 588 4656 676 4733; x_wconf 57' lang='lat' dir='ltr'><strong>‚lam</strong></span> <span class='ocrx_word' id='word_1_343' title='bbox 686 4665 733 4713; x_wconf 79' lang='lat' dir='ltr'><strong>aet</strong></span> <span class='ocrx_word' id='word_1_344' title='bbox 742 4677 830 4715; x_wconf 76' lang='lat' dir='ltr'><strong>mre</strong></span> <span class='ocrx_word' id='word_1_345' title='bbox 840 4664 933 4733; x_wconf 63' lang='lat' dir='ltr'><strong>osam</strong></span> <span class='ocrx_word' id='word_1_346' title='bbox 941 4664 1017 4735; x_wconf 76' lang='lat' dir='ltr'><strong>pluer</strong></span> <span class='ocrx_word' id='word_1_347' title='bbox 1026 4666 1056 4719; x_wconf 80' lang='grc' dir='ltr'><strong>[ιι</strong></span> <span class='ocrx_word' id='word_1_348' title='bbox 1067 4656 1181 4719; x_wconf 67' lang='lat' dir='ltr'><strong>nidd*</strong></span> <span class='ocrx_word' id='word_1_349' title='bbox 1163 4680 1266 4737; x_wconf 76' lang='lat' dir='ltr'><strong>operor</strong></span> <span class='ocrx_word' id='word_1_350' title='bbox 1275 4664 1324 4719; x_wconf 75' lang='lat' dir='ltr'><strong>dea</strong></span> <span class='ocrx_word' id='word_1_351' title='bbox 1335 4666 1388 4719; x_wconf 74' lang='lat' dir='ltr'><strong>tto</strong></span> <span class='ocrx_word' id='word_1_352' title='bbox 1399 4680 1483 4720; x_wconf 78' lang='lat' dir='ltr'><strong>mre.</strong></span> <span class='ocrx_word' id='word_1_353' title='bbox 1484 4664 1500 4695; x_wconf 72' lang='lat'><strong>⁶⁸</strong></span> <span class='ocrx_word' id='word_1_354' title='bbox 1521 4664 1574 4719; x_wconf 84' lang='lat' dir='ltr'><strong>liae</strong></span> 
     </span>
     <span class='ocr_line' id='line_1_39' title="bbox 412 4746 1446 4813; baseline 0.003 -15"><span class='ocrx_word' id='word_1_355' title='bbox 412 4760 485 4813; x_wconf 71' lang='lat' dir='ltr'><strong>qun</strong></span> <span class='ocrx_word' id='word_1_356' title='bbox 495 4761 575 4812; x_wconf 64' lang='lat' dir='ltr'><strong>grave</strong></span> <span class='ocrx_word' id='word_1_357' title='bbox 586 4746 628 4807; x_wconf 77' lang='lat' dir='ltr'><strong>ait,</strong></span> <span class='ocrx_word' id='word_1_358' title='bbox 641 4746 784 4800; x_wconf 66' lang='lat' dir='ltr'><strong>remeabunt</strong></span> <span class='ocrx_word' id='word_1_359' title='bbox 794 4746 848 4799; x_wconf 82' lang='lat' dir='ltr'><strong>alu</strong></span> <span class='ocrx_word' id='word_1_360' title='bbox 1382 4772 1388 4793; x_wconf 75' lang='lat' dir='ltr'><strong>e</strong></span> <span class='ocrx_word' id='word_1_361' title='bbox 1442 4786 1446 4801; x_wconf 83' lang='grc'><strong>.</strong></span> 
     </span>
    </p>
   </div>
   <div class='ocr_carea' id='block_1_5' title="bbox 0 0 1908 5609">
    <p class='ocr_par' dir='ltr' id='par_1_5' title="bbox 0 0 1908 5609">
     <span class='ocr_line' id='line_1_40' title="bbox 0 0 1908 5609; baseline 0 0"><span class='ocrx_word' id='word_1_362' title='bbox 0 0 1908 5609; x_wconf 95' lang='lat' dir='ltr'><strong> </strong></span> 
     </span>
    </p>
   </div>
  </div>
 </body>
</html>
