3792 5609
404 1028 581 1090 auctoritate
598 1022 726 1087 trrtrunis
744 1022 869 1101 loquens
887 1019 937 1081 un.
957 1016 994 1081 u
1014 1038 1078 1102 cap.
1099 1020 1154 1093 on,
1180 1016 1257 1097 τούς
1277 1010 1476 1104 πατρικίους
1501 1019 1572 1084 dieit

404 1124 616 1211 ἐπικυρῶσαι
635 1120 696 1211 τὴν
717 1117 820 1209 ἀρχὴν
840 1118 958 1209 ψῆφον
976 1113 1227 1205 ἐπενέγκαντας,
1255 1124 1292 1187 de
1312 1122 1400 1186 simili
1420 1132 1517 1187 autent
1539 1143 1571 1185 aa

403 1232 454 1293 tit».
471 1232 497 1292 X
513 1250 578 1311 rap.
594 1232 628 1291 t:
650 1218 687 1289 oi
709 1220 855 1312 φρότραι
878 1219 939 1309 τὴν
957 1218 1073 1310 ψῆφον
1093 1218 1307 1313 ἐπιφέρουσι.
1353 1224 1468 1289 Scilicet
1482 1224 1572 1289 huius

402 1350 526 1412 qumpue
541 1329 709 1409 argumenti
724 1328 769 1389 ris
783 1327 882 1389 onmis
897 1346 934 1387 eo
949 1328 1128 1401 continetur,
1144 1329 1170 1390 si
1184 1330 1384 1392 concedamus
1400 1328 1571 1411 Dionysium

403 1431 535 1495 ttarmani
555 1431 679 1496 alieuius
700 1430 807 1494 veteris
825 1428 975 1492 annatiuru
995 1430 1149 1512 scriptoris
1165 1432 1252 1495 reriu
1268 1432 1307 1494 ita
1322 1430 1521 1512 expressisse,
1540 1442 1573 1494 ut

403 1536 478 1616 apuid
493 1538 569 1599 isaer
584 1534 784 1615 significarent
798 1532 862 1614 ipse
876 1551 937 1595 non
953 1532 1133 1614 iuteitigeret.
1163 1532 1238 1596 Narn
1253 1533 1392 1615 patricios
1405 1534 1480 1609 ilios,
1495 1552 1571 1616 apro-

404 1658 474 1701 rum
495 1638 672 1701 auctoritate
685 1636 871 1699 tribunoruin
886 1644 1021 1717 potestas
1036 1636 1209 1699 condrurata
1225 1636 1277 1709 sit,
1298 1636 1437 1720 dionysio
1453 1646 1573 1701 senato·

404 1762 456 1804 res
476 1742 559 1803 risos
573 1760 654 1813 esse,
673 1757 735 1802 non
752 1740 891 1820 patricios
906 1739 1041 1803 euriatinr
1057 1740 1195 1820 sun=·agia
1212 1742 1356 1815 serenus,
1376 1742 1421 1804 ret
1437 1740 1505 1803 inde
1519 1760 1573 1821 ap·

405 1858 509 1926 paret,
527 1844 609 1926 aputrd
629 1844 660 1906 in
679 1842 800 1906 sunaus
819 1842 947 1905 ronritiis
966 1852 1084 1905 creatos
1101 1844 1236 1906 tribunos
1252 1842 1322 1906 dieit
1337 1845 1372 1907 i'i
1388 1864 1452 1927 cap.
1468 1843 1519 1917 89,
1536 1842 1573 1907 lx

404 1970 472 2031 rapa.
489 1952 527 2013 st
550 1968 618 2011 υιιιιι
634 1948 776 2011 Cicerone
797 1949 900 2027 tragrn
920 1966 965 2009 or.
986 1966 1041 2028 pro
1062 1948 1177 2009 (ornei.
1198 1958 1271 2010 torn.
1285 1947 1321 2010 tt·
1342 1958 1416 2030 port.
1432 1947 1452 2011 2
1467 1968 1496 2031 p.
1512 1950 1569 2010 tat

404 2055 454 2115 ed.
476 2052 581 2125 tired..
606 2052 687 2132 quod
707 2059 741 2113 ut
761 2051 867 2113 salsum
888 2070 958 2110 esse
978 2049 1139 2113 Nietrutuio
1159 2050 1318 2133 largiamur
1338 2052 1437 2115 tonui
1457 2071 1486 2134 p.
1502 2051 1574 2123 otu,

405 2176 470 2221 ιιοο
487 2168 587 2221 tauren
602 2174 638 2217 es
653 2175 691 2217 eo
706 2154 899 2232 consequitur
913 2152 1002 2216 etiarn
1019 2153 1088 2217 iilud
1104 2156 1273 2243 necessario
1285 2156 1391 2219 taisuru
1404 2176 1480 2229 esse,
1496 2154 1574 2245 quod

407 2271 534 2325 senatus
562 2258 736 2323 auetoritate
760 2256 897 2320 tribunos
926 2256 1139 2339 ronrprotratos
1169 2281 1238 2322 esso
1269 2270 1410 2325 autumat
1458 2260 1575 2324 Etenirn

408 2362 666 2446 qneruaduroduru
687 2362 717 2424 in
738 2361 855 2441 regibus
870 2362 941 2424 olins
957 2383 992 2425 ar.
1006 2362 1076 2425 stein
1091 2363 1265 2427 oonsulibus
1280 2364 1416 2427 creandis
1432 2364 1493 2429 deri
1508 2384 1576 2427 ιιιο-

410 2468 453 2529 ris
464 2476 538 2539 erat.
553 2476 586 2530 ut
600 2476 777 2549 rogarentur
790 2485 826 2526 es
841 2474 965 2529 senatus
979 2465 1125 2543 eonstdto,
1139 2476 1309 2531 crearentur
1324 2489 1340 2533 a
1356 2470 1476 2551 populo,
1492 2488 1575 2532 ooru-
1649 2460 1652 2467 ’

411 2572 610 2652 φιοΙνιιυοιιο·
628 2592 645 2633 ιι
665 2579 786 2641 senatu,
806 2568 934 2650 (lenique
953 2569 1158 2649 nragistratum
1174 2582 1365 2654 capesserent
1378 2573 1440 2654 tege
1455 2572 1576 2645 curiata,

413 2676 453 2737 ita
473 2674 563 2737 etiarn
582 2672 692 2737 tritruui
710 2671 873 2753 antiquitus
888 2672 1066 2735 creabantur
1080 2694 1097 2735 a
1113 2675 1223 2755 populo
1239 2674 1269 2737 iu
1284 2674 1412 2738 cornitiis
1427 2677 1577 2740 centuria·

412 2776 505 2855 tis⁸)‚
524 2776 590 2840 iicet
603 2795 666 2840 non
682 2796 717 2839 es
732 2777 824 2845 sotto,
839 2775 1138 2858 eorrsproitabnnturo
1151 2786 1265 2852 senatu,
1281 2787 1457 2859 potestatem
1473 2800 1577 2863 capes·

414 2881 522 2943 satiant
534 2880 598 2962 tege
611 2880 732 2944 curiata.
768 2878 800 2942 id
815 2878 956 2962 quoniam
971 2888 1076 2961 posteo
1092 2880 1155 2943 deri
1171 2881 1309 2957 desierat,
1325 2891 1483 2965 propterea
1499 2883 1576 2965 apud

416 2984 589 3065 itioupsiruu
604 2983 653 3046 nt.
668 2982 693 3045 Χ
709 3004 773 3065 cap.
789 2986 808 3047 d
824 2984 965 3046 eonsules
980 3002 1070 3047 sutun
1085 2984 1290 3067 ningistratunt
1305 2986 1465 3050 tribunatui
1481 3007 1578 3070 eppo·

415 3096 525 3149 urentes
540 3078 571 3150 ri
592 3072 690 3161 δὀἷν,
712 3086 804 3159 aiunt,
827 3082 885 3148 καὶ
908 3079 1071 3170 πρότερον
1085 3072 1124 3174 ἦν
1136 3108 1191 3164 τις
1204 3079 1281 3169 ὑμῖν
1295 3085 1442 3169 δίνσμις,
1465 3078 1505 3176 ἢν
1519 3082 1579 3153 οὗκ

415 3183 456 3251 ἐκ
480 3184 539 3251 τοῦ
566 3180 702 3252 δικαίου
727 3183 927 3271 βιασάμενοι
957 3180 1044 3275 ἡμᾶς
1065 3182 1200 3271 ἐλάβετε
1219 3226 1262 3237 -
1285 3182 1358 3269 ου’·χὶ
1380 3187 1438 3254 καὶ
1459 3186 1580 3279 rodopa

415 3288 473 3354 νῖν
492 3282 727 3356 ἀπολισὶλκατι
747 3288 787 3379 τῇ
809 3288 977 3378 μεταβολῇ
999 3288 1064 3356 τῶν
1078 3283 1312 3380 ἄρχαιρισιῶνς
1333 3283 1409 3356 οὔτε
1424 3290 1486 3379 γὰρ
1500 3298 1580 3377 βου-

416 3391 478 3480 λῆς
499 3387 609 3479 δόγμα
630 3386 715 3475 ipris
736 3385 975 3460 ἀποδείκνυσιν
996 3389 1056 3460 tat
1078 3392 1136 3483 τὴν
1158 3388 1269 3483 ἀρχὴν,
1293 3384 1369 3461 oi‘rs
1384 3386 1418 3457 ui
1434 3390 1581 3483 φρᾶτραι

416 3491 476 3583 τὴν
496 3494 616 3584 ψῆφον
638 3487 721 3583 ὖπὲρ
744 3489 832 3579 diaria
851 3492 1083 3585 ἐπιφέρουσιν.

502 3599 695 3664 Pervenimus
713 3602 750 3664 ad
770 3601 947 3683 Ampeliuru.
991 3601 1065 3665 ttanr
1093 3622 1130 3666 ne
1149 3604 1230 3666 huno
1249 3602 1368 3683 quidem
1389 3610 1495 3664 testem
1511 3602 1581 3664 Nie-

419 3704 544 3767 taurus
558 3715 631 3767 tons.
646 3704 671 3766 n
691 3725 720 3786 p.
737 3704 800 3767 255
820 3706 985 3786 produeere
999 3707 1176 3789 dedignatus
1191 3716 1250 3779 est,
1272 3704 1449 3785 scriptorem
1465 3703 1582 3769 infimae

420 3809 523 3870 aetatis
542 3807 735 3889 ornniunupuo
750 3808 968 3881 [utilissinutun
989 3810 1041 3873 sed
1058 3810 1108 3892 qui
1124 3809 1179 3873 ltao
1193 3828 1252 3872 una
1268 3807 1380 3871 seilicet
1394 3806 1423 3868 in
1439 3825 1471 3869 re
1486 3806 1582 3870 trono·

421 3928 487 3971 rurn
511 3920 541 3971 et
563 3910 806 3991 perantiquoruur
830 3922 986 3975 aue-torum
1007 3912 1095 3976 fldem
1116 3922 1261 3995 sequutus
1280 3909 1369 3973 videri
1395 3909 1511 3971 riebeat.
1554 3911 1582 3973 ts

423 4009 509 4089 igitur
522 4030 586 4091 rap.
601 4014 656 4075 48:
678 4017 803 4085 comitio,
818 4014 928 4096 inquit,
943 4015 1081 4077 dtermtar
1096 4034 1115 4077 ο
1130 4018 1265 4077 roser-itata
1279 4024 1307 4077 et
1318 4014 1493 4095 trepuntio,
1508 4014 1585 4093 qaod

420 4122 521 4191 potres
539 4123 566 4175 et
583 4113 685 4177 dosora
705 4116 744 4178 od
761 4120 909 4199 eupropio
928 4128 1074 4179 οοοονιιιιν
1088 4118 1285 4179 credederunt
1300 4118 1524 4195 mupistrotuum
1539 4114 1586 4176 oet

423 4215 606 4275 ιοιιιιὶιικιιι
620 4233 719 4279 ιοκιο.
763 4220 866 4282 Patres
881 4219 940 4281 Ιιοο
954 4218 1020 4281 Ιουο
1035 4218 1176 4299 patricios
1191 4236 1259 4280 esse
1275 4225 1412 4299 apparete
1431 4216 1488 4277 tros
1504 4223 1583 4276 reete

425 4314 601 4377 adassibus
621 4316 758 4399 stistiugui
779 4320 986 4385 concedimus:
1012 4320 1134 4383 fuerunt
1152 4320 1233 4383 enirn
1249 4320 1279 4381 in
1294 4318 1427 4401 equitum
1443 4315 1585 4377 centuriis

424 4414 635 4496 duodeviginti,
661 4436 723 4481 ιιοο
741 4442 777 4483 ex
796 4442 886 4487 censu
906 4423 960 4485 sed
981 4442 1016 4485 ex
1036 4439 1146 4503 genere
1161 4420 1333 4501 ‹tesoriptis‚
1359 4419 1469 4485 dosses
1485 4426 1583 4506 autern

425 4514 546 4597 proprie
560 4534 621 4580 non
636 4530 721 4583 erant
733 4522 790 4585 nisi
804 4524 989 4605 plebeiorum
1004 4542 1039 4588 ex
1054 4540 1145 4588 υυοιιι
1159 4522 1334 4604 descriptae.
1371 4519 1429 4583 Sed
1443 4535 1517 4581 num
1532 4536 1585 4581 co-

397 4858 401 4867 ·
492 4836 709 4903 nonturno
720 4842 802 4910 tege-
812 4842 953 4900 eurum.
