3792 5609
951 667 973 730 6

858 751 1062 766 ffl

388 876 500 920 omnem
519 855 701 938 antiquitatis
720 856 807 918 iidem
822 865 977 936 sumptum
991 857 1072 918 citet
1087 874 1178 938 supra
1192 857 1250 920 iam
1265 857 1407 929 vidimus.
1426 868 1457 922 et
1469 857 1544 922 inira

387 961 468 1022 ctiam
485 959 575 1039 maps
587 959 718 1040 patetiet:
734 957 858 1020 victores
869 967 968 1022 autem
979 957 1149 1021 Siculorum
1159 979 1223 1034 eos,
1238 960 1287 1042 oui
1299 961 1425 1022 Varroni
1436 961 1544 1024 diori-

386 1062 464 1141 gines
480 1072 561 1130 sunt,
582 1060 738 1122 cuiusnam
756 1058 858 1140 stirpis
874 1060 968 1122 Varro
987 1059 1143 1122 crediderit
1156 1078 1218 1122 non
1233 1069 1369 1143 apparet:
1387 1061 1545 1143 Dionysius

386 1175 480 1226 antem
499 1183 551 1225 eos
566 1162 758 1242 Pelasgorum
774 1170 917 1243 cognatos
935 1163 1016 1233 iacit,
1037 1160 1068 1226 in
1083 1181 1143 1244 ouo
1157 1183 1190 1226 se
1204 1163 1401 1246 plurimorum
1416 1163 1545 1226 auctori·

387 1277 470 1330 tatem
485 1265 566 1349 sopori
583 1267 739 1346 protitetur
750 1269 758 1308 ¹
770 1267 810 1334 ³i.
841 1266 873 1328 id
889 1265 1070 1329 Nieiiuiarius
1084 1285 1185 1329 seuam
1200 1285 1267 1328 esse
1280 1276 1367 1348 negat
1380 1274 1547 1349 propterea.

386 1370 450 1451 quia
464 1370 518 1433 sibi
536 1369 692 1451 persuasit.
708 1369 852 1453 poputum
867 1369 1016 1441 Latinum.
1035 1389 1070 1434 rs
1085 1369 1215 1434 Reatinis
1230 1371 1392 1435 victoribus
1406 1371 1550 1454 uictisque

386 1473 488 1536 Siculis
502 1481 635 1542 enatum.
651 1472 777 1537 duarum
792 1473 868 1536 haud
885 1473 974 1537 ‹iubie
984 1475 1163 1538 diversamm
1178 1473 1316 1556 stirpium
1328 1475 1358 1538 in
1369 1493 1462 1538 unum
1474 1493 1548 1539 con·

387 1579 514 1640 ssatamm
531 1576 618 1656 signa
632 1575 785 1640 inanitestu
801 1595 871 1659 prae
886 1597 918 1640 se
931 1577 1016 1650 serre,
1030 1577 1150 1640 atterius
1161 1577 1335 1658 Pelasgiuse.
1351 1577 1469 1641 alterius
1480 1577 1549 1640 irar-

386 1683 482 1751 nane.
502 1691 533 1744 ot
552 1679 687 1762 quidem,
709 1690 742 1743 nt
757 1679 812 1762 ipsi
828 1682 937 1764 plamt.
957 1680 1052 1745 Oscae
1070 1700 1095 1744 s
1111 1683 1280 1744 Αιιτιιιιττι1
1291 1685 1336 1758 ⁰).
1380 1682 1442 1744 lam
1457 1699 1550 1763 queram

388 1785 499 1848 Siculos
515 1784 657 1864 Pelasgos
677 1783 821 1856 crederet.
844 1787 937 1848 iacere
955 1803 1018 1848 non
1039 1785 1137 1868 potuit
1156 1785 1227 1866 quin
1243 1785 1367 1848 uictores
1383 1784 1550 1848 Siculonnn

388 1888 529 1952 barlaamo
545 1886 639 1950 iniisse
650 1897 798 1951 statueret.
839 1890 876 1952 tt
890 1909 960 1951 sero
975 1888 1105 1970 primum
1120 1889 1179 1950 iseo
1192 1887 1290 1971 ipsum
1306 1907 1492 1971 naquaquam
1507 1889 1551 1952 ri·

389 1990 472 2054 «taur
486 2011 540 2073 pro
556 2001 637 2054 nerto
653 1993 792 2056 affinnari
808 2013 906 2075 prosse.
922 1992 1058 2055 latinum
1073 1993 1217 2075 populum
1233 2012 1268 2055 ex
1279 1993 1396 2054 dataiuts
1407 1992 1552 2075 stirpibus

353 2163 354 2166 Ἴ
389 2093 509 2156 ‹iirersis
534 2095 693 2166 coairrisse.
720 2095 959 2180 quantlnquidem
986 2114 1060 2176 qrrae
1084 2094 1174 2158 huius
1196 2095 1238 2158 rri
1257 2105 1428 2176 argumenta
1446 2115 1463 2158 a
1483 2095 1552 2159 uiris

390 2197 567 2278 ptriirusdam
592 2197 688 2261 doctis
708 2219 742 2261 es
762 2199 876 2281 linguae
894 2198 1014 2262 latinae
1032 2197 1202 2260 ronditione
1227 2199 1348 2280 repetita
1369 2208 1454 2269 stant,
1481 2197 1555 2260 isaeo

391 2301 460 2362 nihii
480 2301 516 2363 ad
538 2301 624 2364 istam
645 2301 818 2365 seutentiam
840 2302 933 2364 saleru
951 2301 989 2364 ai»
1009 2300 1073 2364 aliis
1093 2300 1271 2382 qssiirusdarn
1292 2300 1361 2363 uiris
1376 2320 1439 2363 non
1454 2301 1555 2362 minus

391 2403 510 2465 enrditis
529 2413 560 2465 et
579 2403 608 2464 io
630 2403 796 2483 linguonum
817 2403 986 2484 cognitione
1005 2413 1035 2466 et
1053 2403 1273 2484 comparatione
1291 2420 1353 2464 non
1368 2402 1556 2465 mediocriter

392 2505 511 2568 remitis
526 2504 749 2586 pronuntiatum
766 2517 819 2568 est.
850 2507 1052 2582 Quamobrem
1066 2505 1181 2568 etiamsi
1197 2504 1427 2568 mumdrremus
1440 2505 1555 2567 Siculos

392 2607 531 2688 Pelasgus
548 2606 650 2678 tuisse.
665 2625 727 2670 non
743 2617 840 2672 tamen
857 2617 1014 2692 propterea
1029 2617 1267 2689 consequeretur.
1284 2606 1451 2670 Siculorum
1465 2606 1556 2669 ricto·

393 2727 440 2772 res
456 2710 601 2772 inurbanus
615 2719 646 2771 et
659 2708 761 2792 stirpis
777 2710 908 2774 diuersae
923 2711 1024 2773 fuisse.
1053 2709 1126 2773 nean
1141 2719 1174 2774 ut
1187 2711 1246 2773 hoc
1260 2729 1379 2792 quoqtre
1389 2709 1556 2791 largiamur,

393 2813 481 2876 rideri
505 2813 635 2892 linguam
655 2811 786 2876 latinam
812 2815 938 2876 duarum
959 2813 1140 2877 diversantur
1160 2814 1326 2894 linguarum
1345 2812 1466 2892 vestigia
1486 2812 1556 2874 reti·

393 2935 472 2987 nere.
488 2916 608 2978 alterius
619 2916 747 2978 Gmocae
758 2937 783 2978 s.
795 2916 970 2996 Pelasgicae.
984 2915 1102 2977 atterius
1117 2915 1269 2987 barbarae,
1284 2914 1357 2978 nihii
1372 2923 1469 2976 tamen
1485 2933 1557 2995 pro·

394 3028 493 3100 pterea
514 3035 592 3099 opus
616 3017 670 3080 tnit
689 3019 807 3081 aiteram
830 3018 946 3099 linguae
960 3017 1078 3080 latinae
1099 3028 1211 3098 partem
1234 3040 1250 3080 a
1270 3017 1377 3080 Sictdis
1399 3018 1518 3078 aiteram
1541 3038 1557 3079 a

393 3121 523 3184 Reatinis
539 3129 681 3203 repetere.
723 3120 837 3184 Etenim
853 3123 910 3184 lans
926 3119 1009 3202 ipsos
1024 3119 1075 3201 qtri
1090 3120 1160 3182 oiim
1176 3121 1205 3182 in
1220 3139 1291 3201 agro
1306 3119 1438 3192 Reatino,
1454 3119 1559 3182 sieinde

394 3223 479 3287 vietis
495 3224 601 3288 Siculis
621 3223 750 3288 inlatio
772 3223 954 3289 iaalritamnt.
979 3243 1031 3306 per
1051 3224 1172 3305 tongum
1193 3233 1310 3305 tompus
1330 3231 1359 3284 et
1379 3222 1407 3284 in
1427 3221 1559 3302 pristinis

394 3327 459 3392 stris
479 3328 601 3392 serliirus
620 3340 648 3390 et
669 3338 769 3410 pumen
786 3328 815 3390 in
831 3325 912 3390 tatio
928 3345 995 3390 aaran
1011 3327 1129 3391 Sabinis
1145 3326 1217 3390 totta
1233 3325 1364 3408 posuisse
1378 3324 1560 3408 accepimns:

392 3449 488 3514 eaque
507 3430 569 3514 ipsa
592 3431 664 3494 troiia
684 3432 839 3513 praecipue
859 3427 888 3494 in
908 3451 996 3494 ratrsa
1018 3429 1109 3492 serisso
1128 3429 1280 3497 dictantur.
1303 3429 1477 3493 interditum
1497 3429 1561 3493 stris

394 3535 503 3600 relictis
523 3535 553 3598 io
569 3533 736 3598 Sieninmnr
757 3555 845 3616 agros
866 3534 1086 3598 ‹iosrrnrierrnt
1130 3536 1188 3598 Per
1205 3534 1277 3596 liaeo
1296 3533 1385 3614 igitur
1405 3533 1478 3597 tretia
1499 3533 1561 3597 fieri

395 3656 459 3702 non
477 3638 586 3719 potnit.
609 3637 680 3720 quain
696 3637 791 3721 ariiqna
808 3639 988 3704 sntnomn
1004 3657 1122 3720 senaper
1136 3637 1308 3700 instantium
1324 3655 1393 3720 paors
1409 3635 1452 3698 eis
1466 3636 1562 3700 admi·

396 3750 545 3810 secmtur.
565 3741 814 3823 quemadmodum
834 3741 932 3826 ipsum
953 3741 1097 3824 paparium
1112 3739 1280 3804 Romanum
1300 3739 1443 3804 elatinis
1461 3749 1492 3803 et
1506 3739 1562 3803 Sa·

414 3899 558 3910 conon—n-
568 3901 627 3910 au*-
663 3901 697 3911 ιιι

473 3996 512 4063 id)
529 3996 549 4049 1.
564 4013 586 4048 r.
608 3997 648 4050 iia
667 3997 697 4050 oi
708 3993 871 4069 λογιώτατοι
886 3995 1096 4072 τῶνᾺιιμαιιιιν
1108 3999 1303 4069 noprrpeptmr,
1315 3996 1347 4051 dr
1358 3987 1402 4056 eir
1412 3993 1471 4050 durs
1484 3991 1564 4069 Πόρ-

398 4075 462 4138 κιός
477 4097 505 4135 τι
518 4077 618 4135 Κάτων
634 4077 650 4134 ό
667 4079 716 4141 τὰς
726 4083 907 4154 γενεαλογίαις
918 4083 974 4138 mir
985 4079 1128 4153 dr‘lsnitp
1141 4077 1251 4137 aditur
1262 4079 1465 4154 ἐπιμελέστατα
1478 4095 1564 4135 uarro·
1653 4113 1656 4120 -

398 4161 498 4238 persis
513 4166 559 4218 ssi
579 4162 661 4226 nitor
676 4163 863 4238 Sspnpoirror
879 4169 925 4222 sni
940 4161 1019 4222 citior
1043 4169 1142 4239 σιχνοι
1156 4161 1291 4235 Ἕλληνας
1308 4161 1410 4226 αὐτοὺς
1431 4163 1505 4220 sirnt
1520 4166 1564 4220 at-

399 4263 493 4323 γουσι.
517 4267 539 4304 c.
554 4251 599 4303 ida
612 4253 638 4305 si
649 4253 687 4321 spi
700 4249 758 4306 ὅττι
769 4249 928 4322 Ἑλληνικὸν
939 4255 1032 4326 φῦλον
1044 4244 1120 4322 ἦντὸ
1133 4247 1384 4322 τῶνἍβοριγιι·ωτ,
1402 4247 1440 4310 dc
1451 4247 1563 4306 Κάτωνι

399 4339 448 4390 sesi
469 4336 585 4395 nodioir
600 4331 695 4396 ἄλλοις
715 4341 828 4408 siparum.
864 4339 936 4408 Quod
953 4341 985 4392 sb
1001 4339 1122 4392 (icsotris
1139 4353 1185 4389 eos
1201 4337 1362 4390 deducendes
1380 4345 1465 4406 putat,
1487 4335 1565 4404 ipsius

400 4423 547 4475 nsiactms
560 4429 608 4488 est,
620 4422 661 4473 cui
672 4431 789 4489 quantuor
802 4423 960 4476 tribuendum
972 4425 1008 4477 sit
1018 4439 1143 4492 querere
1155 4437 1369 4491 supervacaneum
1382 4430 1432 4475 cst.

476 4505 515 4567 tut
533 4505 651 4558 Eiusdem
663 4507 760 4575 stirpis,
771 4508 889 4560 Ausones
900 4510 964 4576 scii,
975 4508 1051 4561 ctis·
1062 4515 1122 4561 sets
1131 4507 1294 4561 niebuhriun
1306 4507 1350 4559 slii
1362 4523 1407 4559 cos
1420 4505 1499 4559 fuisse
1509 4523 1566 4558 erc·

401 4592 535 4656 sitarum,
550 4590 621 4643 reiut
633 4591 745 4660 iicprains
761 4593 793 4646 sd
806 4591 894 4646 (intur.
907 4601 934 4646 et
945 4593 1030 4663 tia-sp,
1048 4601 1109 4646 tosa.
1120 4592 1164 4646 tv.
1176 4609 1201 4660 p.
1211 4591 1245 4644 tt
1256 4599 1284 4644 ct
1295 4591 1404 4644 iiscsrs
1415 4591 1459 4644 iv.
1470 4592 1502 4643 sd
1515 4591 1566 4643 Ac·

402 4675 471 4731 sets
483 4673 537 4730 vn.
550 4683 610 4729 ten.
623 4673 648 4728 ³.
660 4692 684 4745 p.
700 4675 757 4730 tto.
770 4677 811 4730 ed.
825 4676 917 4743 ινφ.
