3792 5609
393 1924 670 2023 Remulum
694 1924 988 2034 unllsnolls
1011 1930 1071 2021 bt
1094 1929 1342 2027 st’lnlllls
1360 1933 1566 2079 Honoblt

355 2232 375 2283 ³
488 2214 569 2294 inter
586 2229 728 2311 epistolas
746 2229 925 2312 antiquariae
944 2228 1056 2312 aliquot
1075 2232 1183 2295 abhinc
1202 2232 1287 2297 annis
1306 2254 1323 2297 a
1343 2234 1405 2297 viro
1421 2234 1566 2299 industrio

398 2334 450 2397 Fr.
470 2333 617 2395 Raumerc
643 2331 846 2415 publicatam)
872 2351 931 2396 una
957 2340 1017 2409 est,
1042 2350 1092 2395 no.
1113 2334 1232 2410 llllVll,
1259 2337 1295 2399 ab
1314 2336 1341 2399 t.
1361 2338 1407 2400 W.
1428 2336 1566 2401 Lnebello

398 2436 525 2519 scripta,
553 2436 591 2497 ele
610 2443 743 2497 retemm
759 2434 975 2518 Spartanorum
995 2434 1107 2499 citime
1125 2436 1324 2519 ordinumque
1344 2438 1470 2502 civilium
1490 2458 1566 2521 quo-

399 2540 471 2603 slam
485 2536 671 2611 discrimine,
686 2537 771 2599 mlius
785 2556 886 2600 veram
899 2538 960 2600 rim
975 2558 1010 2601 ac
1024 2537 1167 2601 rationem
1183 2539 1227 2602 tir
1241 2540 1433 2605 doctissimus
1447 2560 1567 2605 summo

402 2642 466 2705 iure
484 2660 628 2724 perquam
644 2640 743 2703 adbuc
756 2640 915 2704 obscenam
929 2649 959 2703 ct
973 2640 1061 2703 ranis
1075 2642 1239 2705 multorum
1255 2642 1433 2707 coniecturis
1447 2642 1568 2708 intrica-

402 2754 464 2809 tam
478 2746 573 2827 magis
589 2763 678 2827 quam
692 2742 867 2825 explicatam
881 2762 949 2807 esse
963 2743 1012 2817 ait,
1028 2760 1127 2827 neque
1141 2743 1171 2806 id
1187 2745 1261 2808 adeo
1277 2745 1444 2811 miramlum
1460 2766 1528 2811 esse
1538 2748 1568 2811 in

402 2857 483 2911 tanta
501 2857 635 2911 aetenum
655 2846 850 2929 seriptorum,
871 2846 923 2929 qui
942 2845 1015 2910 olim
1035 2847 1072 2911 de
1087 2847 1301 2929 Spartanorum
1316 2848 1406 2913 rebus
1421 2866 1568 2931 exposue-

404 2963 483 3025 rant,
504 2950 630 3024 iactura,
650 2968 742 3033 quum
761 2951 938 3033 praesertim
952 2970 988 3013 ex
1004 2950 1055 3026 iis,
1076 2970 1203 3035 quonum
1220 2950 1310 3015 libros
1326 2953 1500 3035 superstites
1514 2954 1569 3017 ba-

404 3056 524 3129 bemus,
544 3055 617 3119 satis
634 3064 789 3138 appareat,
808 3073 847 3118 uc
866 3055 940 3137 ipsis
956 3054 1076 3136 quietem
1091 3054 1264 3138 aequalibus
1279 3056 1441 3137 Spartanae
1455 3055 1497 3119 rei
1512 3074 1569 3139 pu-

404 3158 498 3222 blicae
522 3159 649 3223 lamiam
674 3168 704 3223 et
729 3158 960 3241 descriptionem
988 3158 1074 3240 plam
1098 3159 1246 3239 cognitam
1272 3168 1359 3241 atque
1386 3168 1570 3242 perspectam

405 3260 505 3323 luisse.
549 3260 622 3325 Sese
640 3272 740 3326 autem
759 3261 906 3325 dillreilem
926 3262 1002 3324 banc
1022 3261 1227 3343 quaestionem
1252 3278 1314 3324 nun
1334 3282 1370 3323 eu
1390 3263 1571 3327 tractandam

403 3363 573 3447 sumpsisse
591 3368 763 3447 protitetur,
782 3384 842 3449 quo
861 3364 937 3429 solri
957 3383 1022 3427 eam
1042 3384 1058 3427 a
1079 3383 1112 3426 se
1126 3382 1219 3447 posse
1234 3372 1381 3446 speraret,
1403 3366 1455 3428 sed
1470 3365 1571 3447 pontius
1644 3356 1645 3359 '

404 3475 437 3529 ut
457 3484 534 3551 quae
554 3475 584 3530 et
603 3479 730 3551 quantae
745 3469 810 3532 eius
824 3478 925 3532 essem
938 3466 1124 3532 tlillieultates
1140 3468 1372 3531 demonstraret:
1394 3486 1464 3531 nam
1479 3467 1509 3529 in
1524 3468 1572 3531 bi·

406 3570 519 3645 storia,
534 3570 610 3635 sicut
629 3571 757 3636 inomni
773 3591 874 3635 rerum
889 3570 1071 3654 cognitione,
1091 3570 1143 3633 ubi
1158 3570 1195 3633 ael
1211 3579 1320 3634 certam
1337 3568 1487 3633 scientiam
1503 3589 1571 3651 per·

405 3672 498 3737 veniri
511 3692 572 3737 non
588 3675 695 3756 possit,
715 3676 745 3739 id
760 3693 879 3757 quoque
895 3674 925 3737 in
940 3676 1023 3739 luero
1040 3674 1244 3755 deputandum
1260 3692 1337 3747 esse,
1358 3671 1394 3747 si,
1410 3671 1480 3754 quid
1496 3672 1573 3737 scia·

407 3784 457 3838 tur
470 3774 574 3839 acirim
588 3780 701 3860 possit,
720 3777 792 3860 quial
807 3794 884 3852 non,
900 3776 1092 3841 manifestum
1108 3778 1167 3841 liat.
1211 3776 1255 3839 ab
1269 3776 1372 3839 eadem
1388 3774 1573 3855 professione

408 3877 496 3939 nobis
515 3898 634 3961 meque
651 3882 727 3945 baec
745 3879 907 3961 disputatio
926 3878 1106 3944 exordientis
1125 3888 1184 3943 cst:
1210 3898 1306 3962 nume
1325 3876 1404 3942 enim
1425 3876 1444 3939 ii
1460 3896 1575 3953 sumus,

410 3979 461 4061 qui
480 3981 590 4044 certius
608 3984 678 4065 quial
698 4003 787 4066 quarn
806 3982 913 4047 ceteris
933 3992 1120 4066 compertum
1139 3982 1227 4046 uobis
1247 4002 1315 4045 esse
1329 3978 1502 4063 sslnricnum
1523 3980 1574 4043 sed

410 4101 503 4163 quum
538 4083 570 4147 in
604 4094 770 4151 ceterorum
805 4084 985 4150 coniecturis
1015 4083 1180 4168 probabilia
1210 4080 1455 4167 improbabilibus
1485 4081 1575 4147 mixta

409 4193 440 4247 et
459 4185 584 4249 contusa
602 4207 670 4251 esse
687 4187 857 4265 obeamus,
877 4188 948 4252 tlon
970 4188 1099 4253 tortasse
1117 4188 1233 4251 allicere
1251 4186 1432 4268 poterimus,
1452 4192 1487 4247 ut
1505 4182 1576 4267 put

413 4287 548 4353 omnium
561 4289 688 4354 maxime
701 4292 855 4375 probabile
869 4292 908 4355 sit
922 4290 1021 4375 paullo
1037 4288 1147 4355 cerbus
1161 4284 1346 4372 intelligatur.

498 4388 701 4457 Prollciseitur
713 4404 811 4458 autern
824 4394 995 4472 Lcebellus,
1014 4412 1045 4478 p.
1060 4392 1134 4470 tlt,
1150 4411 1167 4457 a
1181 4389 1326 4457 Niebubri
1340 4390 1471 4475 quodam
1487 4386 1576 4467 dictu,

180 4481 189 4562 't
301 4584 304 4589 Ι
412 4492 463 4575 qui
482 4510 574 4575 quum
594 4494 775 4561 audimnbus
790 4498 855 4562 suis
869 4497 1028 4564 hiemum
1042 4514 1177 4580 pascam
1191 4494 1378 4575 ualerem),
1396 4492 1505 4558 nesciri
1518 4490 1577 4557 bo·

410 4760 434 4773 ··
484 4732 508 4797 l)
524 4732 718 4802 Aatqasrloebe
730 4735 822 4789 brieln
856 4731 978 4807 llerausp.
991 4755 1017 4793 ν.
1031 4739 1075 4794 Fr.
1087 4755 1114 4794 ν.
1126 4736 1244 4793 llauncr.
1278 4736 1365 4807 lalpa.
1380 4734 1455 4790 teat.

480 4816 507 4885 n
524 4817 654 4887 vectrice
670 4820 734 4877 fiber
747 4822 801 4876 alta
816 4822 976 4881 mlum.
1003 4822 1063 4882 vu.
1079 4824 1098 4883 l.
1114 4842 1139 4913 p.
1158 4824 1223 4881 tlte
1241 4824 1300 4893 „Se
1314 4823 1367 4879 viel
1383 4824 1447 4877 auct
1463 4820 1527 4875 'a'bcr
1537 4818 1578 4877 die
