3792 5609
809 830 869 894 147

255 1019 330 1081 lecto
344 1034 407 1081 non
423 1016 530 1081 misser
543 1018 695 1083 taciturus.
726 1018 784 1083 Sed
799 1019 935 1101 quamuis
951 1037 1039 1101 saepe
1053 1016 1241 1083 Cleomenem
1256 1019 1418 1102 reprehen-

254 1118 319 1196 dat,
338 1138 427 1203 agros
447 1130 546 1186 tamen
566 1121 796 1205 possessoribus
812 1122 994 1203 praetorius
1009 1124 1114 1203 fasque
1129 1122 1284 1203 ademptos
1298 1134 1328 1187 et
1342 1124 1418 1186 diri·

255 1233 319 1287 tum
338 1224 448 1288 damno
469 1242 579 1304 egenos
597 1226 791 1307 locupletatos
812 1215 960 1306 nosquam
980 1223 1019 1287 illi
1034 1223 1144 1295 obiicit,
1165 1234 1321 1307 propterea
1336 1225 1418 1289 aas

253 1326 333 1401 lioet,
352 1326 421 1408 quia
440 1328 596 1392 basiare
615 1327 686 1391 nibil
705 1328 782 1392 aliud
802 1347 870 1392 eum
887 1329 994 1391 iecisse
1009 1326 1161 1400 intellexit,
1184 1330 1241 1391 nisi
1257 1329 1417 1411 pristinum

254 1430 366 1511 patriae
381 1430 564 1503 institutum,
584 1431 768 1513 temporibus
784 1441 944 1503 mutatum,
965 1430 1140 1495 restituisse.
1178 1432 1213 1494 Et
1234 1442 1417 1514 quantopere

254 1532 281 1595 ei
295 1551 476 1616 persuasum
491 1532 578 1597 haerit
593 1536 759 1617 aequabiles
779 1552 919 1615 agrorum
935 1534 1145 1616 possessiones
1161 1535 1250 1599 reteri
1267 1545 1296 1599 et
1310 1536 1416 1618 genui·

256 1653 311 1699 nae
325 1638 541 1719 Spartanorum
557 1637 599 1701 rei
615 1638 748 1719 publicae
762 1636 900 1721 proprias
912 1636 1013 1710 luisse,
1029 1658 1063 1699 ex
1080 1636 1129 1700 lib.
1142 1637 1178 1700 l'l
1190 1656 1253 1721 rap.
1267 1640 1307 1703 ta
1322 1658 1416 1723 appa·

256 1748 311 1813 ret,
326 1739 378 1803 ubi
392 1740 585 1822 reprehendit
598 1750 709 1804 auteres
723 1742 869 1822 quosdam
884 1740 1055 1821 scriptores,
1074 1740 1124 1821 qui
1139 1740 1266 1805 similem
1281 1752 1309 1805 et
1323 1742 1417 1825 qenai·

256 1862 325 1907 nam
350 1844 566 1925 Spartanorum
582 1854 610 1907 et
624 1844 809 1908 Cretensium
829 1847 957 1907 foratam
978 1842 1019 1905 rei
1038 1842 1170 1924 publicae
1185 1839 1325 1920 aliiaerint,
1350 1846 1417 1909 lieet
1470 1832 1472 1837 ¹

256 1946 334 2028 apud
346 1945 501 2009 Cretenses
515 1946 613 2009 nullus
628 1965 767 2029 agrorum
782 1945 954 2028 possidendi
968 1947 1075 2008 arodus
1086 1946 1199 2027 legibus
1211 1948 1322 2019 linitus,
1337 1947 1417 2029 apual

198 2085 201 2090 <
256 2047 420 2131 Spartanos
436 2058 538 2111 contra
554 2048 664 2112 nemini
685 2049 753 2130 plus
774 2066 862 2129 quam
882 2047 963 2111 alteri
979 2048 1131 2129 possidere
1151 2048 1262 2111 licitum
1284 2049 1336 2111 sit:
1360 2045 1421 2134 τῆς

255 2142 539 2230 Λακεδαιμονίων
562 2142 752 2226 πολιτείας,
779 2149 888 2233 inquit,
917 2142 1007 2214 itiam
1034 2137 1120 2213 εἶναι’
1145 2168 1245 2236 φασι
1273 2146 1314 2213 τὸ
1340 2147 1419 2234 περὶ
1514 2142 1519 2151 ’

256 2250 316 2330 τὰς
337 2246 484 2336 ἐγγείοις
504 2248 651 2340 κτήσεις,
674 2237 720 2316 ὧν
741 2243 850 2316 uitiari
872 2246 1006 2334 pireaeo
1031 2248 1157 2329 πλεῖον,
1184 2243 1270 2315 ἀλλὰ
1292 2248 1421 2331 πάντας

256 2352 334 2431 τοῖς
359 2348 503 2433 πολίτας
528 2348 604 2419 ἴσον
624 2350 711 2434 ἔχειν
739 2352 792 2419 δεῖ
815 2352 876 2441 τῆς
897 2351 1075 2441 πολιτικῆς
1094 2350 1211 2437 χώρας.
1250 2356 1314 2419 Ηοτ
1334 2350 1423 2443 quoi

258 2466 358 2540 potest
380 2458 499 2541 quidem
519 2458 632 2523 inbuite
650 2458 762 2521 dictum
782 2458 891 2541 accipi,
916 2468 948 2521 ut
969 2458 1065 2540 quiris
1084 2476 1186 2523 rerum
1207 2458 1420 2541 Spartanorum

258 2561 420 2645 scriptores
444 2560 652 2643 intelligantur,
677 2571 776 2644 potest
798 2572 897 2624 autem
917 2560 1004 2624 etiam
1024 2560 1060 2623 ael
1082 2580 1135 2625 eos
1156 2565 1301 2642 pertinere
1321 2562 1421 2637 rideri,

259 2681 337 2743 quos
356 2673 441 2727 antea
460 2663 636 2737 nominarit,
655 2665 824 2747 Ephorum,
845 2662 1088 2744 Xenophontem,
1114 2664 1333 2737 Callisthenem,
1354 2665 1422 2729 Pla·

259 2775 376 2839 tonem,
396 2766 478 2847 quoti
498 2765 524 2829 si
544 2785 645 2829 eorum
665 2774 724 2838 est,
746 2767 804 2828 hoo
824 2766 900 2829 licat
919 2764 1069 2846 paq-bias,
1091 2764 1155 2828 illos
1175 2767 1269 2847 ipsos,
1287 2767 1423 2848 quamuis

258 2867 415 2947 legitimam
435 2869 514 2950 apud
530 2869 694 2950 Spartanos
710 2886 850 2948 agrorum
866 2867 1102 2949 aequabilitatem
1119 2869 1424 2943 commemoraverint,

260 2969 308 3033 oui
322 2970 505 3033 eontrarium
521 2980 603 3033 esset
615 2970 800 3035 Cretensium
815 2969 993 3043 institutum,
1009 2970 1099 3033 nihilo
1116 2970 1216 3034 tainus
1228 2980 1327 3035 tamen
1338 2982 1425 3035 utro·

260 3090 386 3155 rumque
405 3090 455 3135 res
474 3072 609 3154 publicas
628 3073 706 3136 inter
725 3092 759 3135 so
779 3072 943 3135 simillimas
963 3090 1030 3135 esse
1050 3072 1170 3134 elisisse.
1205 3072 1308 3156 Neque
1329 3073 1427 3138 obstat
1531 3098 1535 3109 ·

188 3164 191 3169 ’
261 3174 329 3238 huia
357 3174 609 3257 interpretationi,
640 3178 720 3258 quael
752 3176 781 3239 iu
807 3176 1015 3258 Xenophontis
1040 3174 1135 3239 libella
1161 3175 1233 3240 nihil
1256 3177 1426 3242 huiusmodi

260 3278 378 3359 legitur,
403 3296 474 3342 uam
494 3298 532 3343 ne
551 3281 647 3343 laeam
664 3281 726 3344 lieri
746 3300 853 3363 posse,
880 3289 913 3343 nt
931 3278 1020 3343 aliurn
1041 3279 1211 3361 quempiam
1233 3280 1298 3344 eius
1317 3281 1425 3345 librum

262 3382 400 3465 Polybius
424 3381 526 3464 legerit
550 3382 639 3446 hodie
664 3382 923 3467 deperalituli,
950 3382 1046 3465 potuit
1067 3382 1110 3445 sie
1127 3381 1208 3463 loqui
1230 3382 1345 3446 etiamsi
1364 3401 1425 3447 non

262 3506 367 3551 omnes
382 3486 434 3549 soal
449 3487 584 3551 nonuaalli
600 3496 713 3550 mattam
729 3506 849 3559 eorum,
868 3503 946 3568 quos
962 3484 1134 3559 nominarit,
1155 3503 1217 3547 rem
1234 3486 1424 3549 tradiderunt.

262 3591 298 3653 Et
317 3590 469 3655 Platonem
489 3590 609 3673 quidem
630 3590 862 3672 aequabilitatem
884 3598 962 3651 certe
978 3606 1114 3669 agrorum
1131 3586 1230 3651 testari
1246 3607 1336 3671 supra
1351 3589 1425 3653 ridi·

262 3712 345 3767 mus,
364 3712 462 3775 neque
482 3695 519 3756 ad
539 3712 601 3756 rem
623 3694 704 3765 iacit,
726 3694 805 3774 quoel
826 3692 892 3751 eius
907 3706 968 3751 noa
983 3689 1149 3771 Lprttrgum
1166 3690 1219 3751 sed
1236 3690 1293 3753 iarn
1311 3693 1426 3774 priores

262 3796 448 3859 Doriensium
475 3796 565 3858 duces
591 3804 727 3857 auctores
753 3794 846 3855 luisse
870 3792 920 3853 ait.
962 3791 1072 3871 b'phori
1097 3802 1125 3853 et
1150 3792 1334 3857 Callisthenis
1360 3795 1427 3859 libn'

262 3898 428 3978 perierunt3
451 3898 503 3958 setl
523 3896 599 3958 nulla
619 3897 752 3977 prolecto
774 3898 941 3964 causaest,
964 3912 1017 3956 arur
1037 3891 1074 3955 ab
1094 3894 1141 3955 his
1163 3894 1191 3956 id
1212 3895 1327 3976 ipsum,
1347 3896 1427 3979 quod

262 4000 402 4083 Polybius
426 4001 524 4072 refert,
550 3998 692 4079 scriptum
719 3996 811 4059 fuisso
835 4008 967 4078 negetur.
1009 3996 1096 4071 Quot
1123 4015 1214 4077 porro
1235 3997 1261 4059 is
1280 4001 1428 4080 praesenti

262 4112 399 4185 tempore
418 4102 520 4175 utitur,
539 4094 683 4181 μέτεστι,
704 4091 791 4179 ι”χετι
810 4097 872 4177 risi,
893 4098 1042 4162 nemiuem
1059 4107 1118 4161 barn
1134 4101 1258 4163 stultum
1274 4103 1339 4165 lore
1354 4121 1429 4166 coa·

264 4206 335 4279 hdo,
349 4204 399 4287 qui
413 4224 481 4268 eum
497 4205 573 4267 illam
589 4201 823 4284 aequabilitatem
839 4222 893 4265 sua
908 4203 1005 4265 atlltuu
1020 4209 1114 4264 aetate
1127 4200 1316 4291 observatam
1331 4204 1430 4267 ‹tioers
1445 4212 1481 4266 ³2

263 4309 373 4383 eredat,
387 4297 553 4372 restitutam
565 4305 700 4369 scilieeta
712 4305 879 4379 Cleomene,
893 4304 979 4367 euius
990 4304 1035 4365 lea
1049 4304 1121 4385 quin
1134 4324 1204 4367 mon
1214 4304 1323 4368 abolita
1334 4306 1429 4383 tuerit,

334 4581 376 4648 62)
395 4580 461 4634 Nolo
478 4580 592 4650 equidem
610 4580 666 4633 huie
684 4595 756 4649 quem
773 4579 893 4631 habenas
910 4577 1013 4643 libello,
1035 4578 1077 4647 qai
1095 4578 1190 4633 metius
1207 4580 1239 4632 tle
1256 4580 1430 4651 disciplina

265 4683 338 4735 quan
359 4668 396 4720 ale-
410 4684 443 4721 τι
460 4666 585 4737 publiea
602 4666 855 4739 hoememaoiorun
874 4665 1072 4733 iaaeriberetor,
1094 4667 1294 4720 controversiam
1312 4683 1430 4732 noverea

265 4756 311 4807 aod
332 4753 544 4808 noaebo'tanen
565 4769 615 4807 noa
638 4754 726 4824 pacis
742 4769 812 4819 ιιι,
834 4768 882 4805 aee
899 4752 1083 4806 moeotioribos
1100 4754 1196 4821 solun,
1218 4754 1331 4824 apuria·
1351 4756 1432 4808 orsu

265 4858 337 4910 eaeo,
354 4844 511 4911 suppositura
529 4840 639 4894 lartum
657 4840 817 4908 Xeuophonli
836 4856 883 4908 pru
899 4836 1009 4905 manino
1026 4840 1168 4909 deperdito.
1187 4894 1190 4901 ,

731 4950 738 4962 .
1168 4932 1228 4993 ¹⁰*

1078 5198 1208 5253 A
