3792 5609
783 760 844 825 lbb

234 948 323 1013 urbes
341 950 486 1031 quasdam
503 958 554 1014 sut
577 950 747 1015 condidisse
764 961 816 1017 sut
836 970 1002 1035 occupasse
1020 950 1238 1029 dimnuu³⁴):
1263 950 1398 1015 videlicet

234 1050 265 1114 bi
283 1070 403 1135 quemne
420 1062 544 1135 propter
561 1054 684 1117 modern
705 1064 793 1137 etque
807 1054 846 1119 ibi
860 1055 941 1118 atteri
957 1073 1077 1119 cauum
1092 1073 1127 1117 ea
1142 1053 1237 1117 Attica
1252 1054 1397 1135 migrem

235 1153 417 1229 ridebantur,
430 1173 583 1237 nouasque
595 1156 673 1219 inter
686 1168 827 1238 oopnotos
842 1158 929 1221 sedes
939 1157 1064 1239 cepisse.
1079 1156 1155 1219 Num
1166 1156 1255 1219 lones
1266 1155 1396 1237 antiqui·

235 1266 284 1319 tus
298 1266 327 1321 et
340 1256 372 1320 in
385 1256 507 1321 boeotia
520 1267 551 1320 et
565 1258 595 1321 in
609 1258 728 1323 Euboea
742 1259 834 1321 inisse
848 1267 974 1323 constut.

319 1359 452 1424 Permira
465 1370 567 1424 antem
581 1381 701 1445 semper
715 1373 744 1426 et
757 1380 883 1444 prorsus
899 1360 1101 1443 improbabilis
1115 1361 1187 1425 mibi
1203 1360 1265 1425 sius
1279 1372 1325 1425 est
1338 1362 1395 1425 do-

234 1462 437 1527 ctissimorum
452 1465 640 1547 quomndsm
656 1465 786 1529 uirorum
802 1464 961 1539 sententia,
981 1464 1031 1547 qui
1047 1465 1152 1527 ionum
1168 1482 1279 1528 nomen
1294 1463 1395 1527 Xutho

234 1566 358 1651 eiusque
376 1567 535 1631 comitibus
554 1576 736 1643 assererent,
761 1568 874 1632 Atticos
899 1578 997 1632 autem
1023 1578 1091 1632 ante
1111 1568 1218 1632 horum
1237 1568 1394 1633 adrentum

236 1672 321 1737 iones
341 1671 434 1735 tuisse
453 1676 672 1755 rseporenffl),
690 1672 738 1736 cui
758 1670 921 1735 metuentior
940 1692 975 1735 ea
991 1682 1085 1743 terte,
1104 1671 1233 1754 «putredo
1249 1670 1347 1735 Xutbo
1364 1671 1395 1734 in

236 1776 341 1841 tabulis
357 1776 526 1853 traduntur,
545 1795 607 1840 mou
622 1776 713 1839 modo
729 1775 799 1840 tritri!
815 1776 953 1859 praesidii
970 1776 1123 1858 perpetrent,
1144 1776 1196 1839 sed
1212 1775 1394 1840 roraniiestis·

235 1880 311 1943 sime
328 1878 530 1945 adversantur.
565 1880 640 1944 Nam
659 1898 751 1961 quum
772 1879 889 1945 Xutbus
908 1880 1024 1955 tonent,
1051 1900 1147 1963 equo
1172 1880 1261 1943 torres
1287 1898 1395 1943 nomen
1490 1956 1494 1963 ἢ

236 1981 413 2065 acceperint.
428 1983 460 2046 in
475 1984 568 2048 Attica
582 1984 703 2047 demmn
714 2004 749 2047 ex
761 1984 882 2056 Creusa.
897 1983 1062 2057 morrono,
1077 1984 1230 2063 indigenae
1242 1982 1318 2062 regis
1330 1980 1397 2055 tilia.

237 2104 409 2169 procreasse
423 2086 540 2163 dieitur,
555 2086 625 2168 quid
641 2087 720 2150 atiud
735 2087 855 2162 dieitur,
871 2106 961 2168 quam
976 2105 1037 2149 non
1053 2086 1152 2167 ipsum
1168 2086 1300 2150 Xuthum
1315 2084 1397 2148 eius·

236 2210 295 2271 quc
310 2191 434 2253 comites
450 2190 509 2252 imn
520 2188 608 2253 lones
620 2189 722 2264 iusisse,
738 2190 791 2252 ssd
803 2199 887 2252 ortos
898 2190 985 2253 iones
997 2200 1101 2272 postea
1112 2189 1232 2253 demum
1243 2207 1278 2251 es
1289 2189 1397 2251 borum

236 2292 414 2357 advenarum
428 2311 497 2355 cum
512 2292 657 2373 indigenis
671 2290 775 2355 Atticis
795 2290 1032 2356 coniunctione!
1059 2292 1109 2357 Sic
1127 2292 1207 2355 enim
1228 2292 1398 2355 huiusmodi

237 2394 348 2461 inbutas
362 2396 400 2459 de
414 2396 528 2477 nuptiis
542 2396 719 2461 aduenarum
731 2415 799 2460 urm
814 2396 964 2477 indigenis
976 2396 1149 2459 umbonibus
1162 2395 1398 2479 interpretandus

236 2519 312 2575 esse,
323 2508 356 2563 ut
365 2500 493 2564 duorum
504 2501 683 2583 poputorum
695 2500 725 2563 in
738 2518 830 2564 unum
842 2499 1083 2565 coniunctionem
1095 2498 1253 2564 connubiis
1264 2501 1398 2563 effectam

237 2602 414 2685 significent,
432 2604 546 2669 dodum
564 2604 611 2669 atii
631 2604 836 2669 intellexerunt
855 2624 950 2687 neque
969 2606 1069 2686 ingere
1087 2622 1263 2685 ‹premqmm
1290 2610 1398 2685 potest.

237 2712 283 2780 m,
297 2707 375 2771 dicut
388 2707 502 2788 aliquis,
516 2708 590 2773 haec
602 2708 709 2771 tortum
725 2707 821 2789 origo,
836 2727 928 2789 ‹puum
943 2708 974 2771 in
991 2709 1083 2771 sotim
1099 2706 1219 2770 deorum
1234 2726 1269 2769 es
1284 2706 1397 2787 indige·

201 2872 205 2878 .
236 2827 341 2873 narum
356 2810 595 2893 advenarumque
609 2810 766 2875 eommbiis
778 2811 925 2894 prodiisse
936 2810 1084 2885 dicuntur,
1100 2828 1225 2892 prorsus
1241 2808 1398 2873 incredibi-

235 2913 272 2975 tis
287 2922 317 2975 et
330 2921 434 2977 oontm
449 2914 591 2978 historiae
605 2916 693 2977 iidem
709 2923 764 2977 ess
793 2913 847 2977 Est
861 2915 1006 2994 proiecto,
1021 2932 1117 2994 neque
1134 2913 1220 2975 neritis
1236 2912 1319 2976 aiiter
1331 2930 1400 2974 esse

237 3014 359 3079 uidetur.
390 3014 465 3079 b'am
484 3017 613 3099 professi
634 3016 806 3080 iamdudum
827 3034 947 3089 contus,
967 3018 1074 3080 lenum
1094 3025 1213 3096 gentem
1228 3014 1317 3079 nobis
1331 3014 1400 3077 inde

237 3118 275 3181 ab
287 3118 400 3181 ultimis
414 3117 601 3201 temporibus
615 3129 648 3183 ot
662 3120 692 3182 io
703 3120 785 3193 Asia,
800 3118 845 3182 sie
859 3118 890 3182 in
900 3118 994 3182 Attiou
1011 3128 1040 3181 et
1055 3120 1085 3182 in
1100 3119 1165 3181 otiis
1176 3118 1315 3183 Graeciae
1329 3136 1399 3199 par·

237 3220 316 3285 tibus
331 3220 481 3285 habitasse
496 3222 595 3288 rideri.
627 3223 686 3286 Sed
701 3222 793 3285 nihilo
808 3222 908 3286 minus
929 3232 1028 3286 tamen
1050 3222 1115 3285 illos
1131 3221 1315 3301 insigniores
1330 3238 1398 3282 sero

237 3324 373 3388 aberrare
388 3323 528 3399 diunius,
548 3325 613 3406 spui.
634 3345 726 3408 quum
741 3344 808 3389 eam
828 3324 941 3389 [airolae
962 3324 1222 3406 siginificationom,
1242 3342 1318 3403 quae
1336 3322 1398 3385 suls

238 3446 328 3492 sonae
343 3427 593 3511 interpretationis
607 3428 663 3511 legi
678 3438 877 3493 moserrtanea
892 3436 952 3500 est.
973 3426 1090 3509 probari
1110 3446 1172 3491 non
1188 3446 1278 3507 posse
1292 3424 1398 3488 intelli-

237 3540 322 3608 gant,
347 3530 434 3595 utinm
453 3530 480 3593 oi
500 3530 744 3613 significationem
765 3531 928 3595 obtrudunt
947 3530 984 3593 ab
1005 3550 1054 3601 en,
1081 3549 1156 3610 quae
1180 3548 1286 3609 reapse
1311 3528 1397 3600 inest.

239 3652 363 3713 prorsus
377 3633 524 3696 diuersam
538 3634 623 3715 eique
638 3634 826 3697 contrariam.
848 3632 961 3712 Nesrrpe
974 3630 1018 3693 sie
1029 3632 1089 3693 iere
1103 3640 1309 3711 mpunrentum
1324 3648 1398 3693 oon·

238 3734 520 3798 dusissoridentur:
536 3735 598 3798 tiori
613 3754 675 3799 noo
691 3735 796 3817 potuit,
812 3744 846 3796 ut
856 3732 945 3797 Xuthi
961 3750 995 3795 es
1012 3734 1120 3796 mensa
1133 3734 1273 3797 iiliuslon
1284 3733 1400 3797 dicere-

239 3847 299 3910 tur,
319 3836 378 3899 nisi
397 3837 461 3917 ipse
479 3838 569 3900 etism
589 3837 704 3901 Xutbus
724 3838 784 3900 iam
803 3838 858 3901 lon
878 3836 998 3913 inissem
1024 3834 1103 3917 atqui
1128 3836 1235 3899 dicitur
1254 3834 1346 3899 xmm
1364 3856 1400 3898 ex

237 3937 347 4001 &cuso
362 3938 438 4002 filios
453 3940 522 4003 ton:
537 3958 607 4023 ergo
622 3940 817 4022 consequitur
828 3938 960 4002 Xutbnm
973 3938 1072 4021 ipsum
1084 3938 1186 4001 ionem
1198 3938 1300 4002 inisse.
1325 3938 1401 4001 bibit

238 4058 370 4123 unquam
396 4041 452 4105 ridi
473 4043 522 4108 tati
539 4054 713 4127 argumento
733 4043 877 4107 vitiosius.
912 4040 1045 4107 Primum
1064 4040 1159 4117 enim,
1186 4059 1240 4105 eur
1265 4042 1338 4107 nihil
1363 4042 1401 4104 de

237 4143 355 4208 dobree
367 4144 479 4219 dicunt,
494 4147 621 4230 quinon
638 4148 737 4211 minus
752 4165 840 4229 quam
855 4144 909 4209 lon
924 4144 1017 4208 Xuthi
1032 4154 1062 4207 et
1072 4142 1201 4208 Creusae
1217 4144 1294 4209 iiiios
1309 4145 1403 4210 tuisse

238 4245 431 4329 perhibetur?
446 4248 521 4313 Nam
532 4250 638 4313 eodem
649 4248 874 4333 argumentandi
883 4266 992 4329 genere
1003 4246 1137 4311 Xuthum
1152 4248 1242 4313 etiarn
1252 4248 1403 4313 tonsum

308 4438 351 4506 tt)
369 4437 523 4512 Theoponp.
534 4458 576 4511 ap.
588 4442 676 4511 steph.
688 4442 751 4511 Bpu.
768 4458 789 4495 s.
800 4456 827 4494 v.
836 4432 1002 4509 Ἐλευθερὶς.
1027 4440 1112 4493 sent.
1120 4438 1147 4493 Χ
1159 4456 1185 4509 p.
1193 4440 1254 4494 ddi.
1276 4440 1405 4495 Pisturcb.

239 4522 289 4591 Qu.
304 4540 390 4592 prosc
409 4543 433 4580 c.
449 4526 492 4581 22
521 4528 623 4597 Scpnrn.
635 4542 661 4581 s.
672 4526 732 4580 dib.
756 4524 795 4579 ci.
807 4524 918 4581 bisineb.
928 4524 961 4577 sd
973 4524 1075 4595 Scyros.
1088 4524 1156 4595 pdb
1167 4534 1196 4580 et
1206 4526 1306 4582 Vindio.
1318 4528 1403 4581 srnb.

240 4624 266 4679 p.
276 4609 334 4665 ibt.
343 4638 373 4652 -
386 4612 459 4666 erut
472 4630 560 4667 senes
572 4614 648 4668 etiarn
657 4612 723 4682 apud
734 4610 813 4665 Teios
824 4610 976 4677 iuverim,
987 4611 1014 4667 is
1026 4628 1131 4683 quoru
1141 4628 1206 4681 suro
1217 4608 1321 4669 πόθον
1332 4607 1405 4685 nu'p-
1526 4650 1537 4666 .

239 4696 384 4766 yvonem
394 4698 613 4769 eminemus
624 4698 696 4766 roo.
706 4695 945 4775 ominaeos
978 4750 980 4759 ,
1095 4756 1102 4768 ,

310 4766 700 4857 osprtsetssrdtontpttrr
999 4812 1004 4819 ·
