3792 5609
775 836 782 844 ‚
851 745 911 811 aaa

298 930 665 1017 magistrdusiocumque
682 936 865 1001 senatorium
883 938 964 1002 erebi
985 947 1096 1021 posset
1134 939 1254 1011 Posset,
1275 938 1457 1023 inquam.si

299 1035 347 1098 ius
360 1044 391 1099 et
403 1037 482 1115 leges
496 1038 632 1102 ualerent
669 1040 728 1103 Sed
747 1042 801 1105 bas
814 1060 1046 1123 saepenumero,
1066 1051 1099 1105 ut
1113 1043 1190 1115 alibi,
1210 1045 1255 1107 sic
1269 1044 1347 1125 apud
1363 1044 1457 1126 Spar·

300 1148 397 1211 tanos,
411 1138 511 1201 minos
522 1160 611 1222 quam
623 1161 696 1223 opes
708 1163 743 1207 sc
753 1145 914 1225 potentiam
924 1145 1060 1217 saluisse,
1075 1146 1142 1226 quis
1153 1146 1270 1209 undem
1281 1143 1460 1209 mirabitur?

299 1242 400 1322 ltaque
416 1244 540 1316 fadum,
559 1254 593 1307 ut
612 1264 748 1309 summos
766 1246 897 1310 bonores
916 1266 1006 1328 parra
1026 1247 1170 1329 quantam
1192 1248 1352 1312 nobilitatis
1372 1248 1459 1311 tactio

302 1344 378 1407 inter
392 1364 425 1407 se
440 1364 493 1425 per
506 1366 614 1410 manus
629 1349 770 1423 traderet,
788 1360 823 1412 ut
837 1362 1004 1419 semtores,
1024 1348 1156 1431 qrramris
1170 1348 1287 1429 aliquod
1303 1350 1460 1414 creationis

302 1447 332 1510 in
351 1446 479 1510 comitiis
502 1450 692 1513 simulacrum
713 1452 900 1521 retineretur.
922 1462 1022 1513 tamen
1042 1451 1206 1514 Aristotelis
1224 1462 1353 1515 artatae
1372 1452 1460 1515 certis

302 1559 417 1614 tantum
432 1550 549 1614 familiis
565 1554 683 1625 tierent,
702 1553 781 1616 uude
795 1553 821 1616 is
835 1572 940 1617 eorum
955 1554 1134 1617 creationem
1150 1549 1401 1640 δυναστευτικὴν
1414 1555 1461 1617 di·

302 1652 417 1727 sit³⁰t‚
437 1653 563 1735 deniquo
575 1661 624 1727 ut,
644 1654 773 1735 exceptis
790 1656 918 1717 leuasse
934 1656 1099 1719 minoribus
1114 1655 1289 1736 quibusdam
1304 1658 1460 1739 ιιιιςίιῑιο-

302 1754 396 1827 tibus,
416 1755 473 1817 seli
490 1756 595 1837 apbori
614 1773 650 1818 es
669 1757 808 1819 universo
826 1758 938 1838 populo
958 1766 1139 1829 crearentur,
1163 1776 1223 1837 spuo
1243 1758 1353 1821 scilicet
1373 1758 1462 1822 buius

303 1857 489 1937 magistratus
508 1857 719 1921 communione
733 1858 862 1922 nomenti
881 1858 1053 1922 buuailiores
1073 1869 1236 1923 ceterorum
1257 1860 1397 1923 ἰιοιιιινιιι
1418 1862 1462 1922 ta·

302 1959 520 2022 cilius-iemeut
553 1960 693 2023 Ceterum
707 1960 795 2023 etiam
810 1980 846 2024 es
860 1960 1054 2023 nobilioribus
1069 1961 1198 2043 ephoros
1215 1964 1308 2024 laetos
1323 1982 1390 2025 esse
1404 1962 1463 2025 hm

301 2079 393 2142 supra
410 2061 554 2124 adimus:
573 2070 604 2123 et
623 2062 649 2123 si
667 2082 703 2124 ex
724 2062 908 2127 tenuioribus
926 2072 1025 2135 mant,
1045 2074 1168 2143 «ructum
1188 2082 1336 2144 emensum
1359 2082 1464 2125 comm

303 2163 601 2245 luisseputabimns,
623 2183 711 2245 quem
733 2183 794 2228 uon
816 2165 973 2247 optimates
993 2164 1172 2228 tractabilem
1193 2164 1252 2227 sibi
1265 2167 1359 2227 lacere
1374 2177 1464 2245 potu·

301 2264 402 2329 erint!
427 2266 520 2329 Erant
541 2266 635 2339 euim.
660 2276 695 2330 ut
712 2267 884 2330 Aristoteles
904 2272 1050 2330 testatur⁵
1062 2270 1103 2343 ¹),
1122 2276 1245 2349 propter
1263 2276 1463 2351 paupertatem

303 2368 428 2433 venales.

313 2492 318 2499 ·
387 2472 524 2537 Poteram
538 2472 586 2535 bie
600 2473 689 2537 linem
704 2474 809 2547 iacere,
823 2472 968 2555 siquidem
984 2474 1021 2536 de
1033 2472 1174 2537 llcmoeis
1187 2471 1260 2537 satis
1272 2472 1383 2537 dictum
1397 2490 1464 2535 esse

303 2576 447 2650 arbitron
462 2577 516 2639 sed
531 2587 677 2658 superest.
697 2586 731 2639 ut
744 2576 832 2640 etiam
848 2577 885 2639 de
900 2577 1025 2658 Lycurgi
1041 2594 1180 2657 agromm
1195 2576 1339 2639 diuisione
1355 2576 1463 2657 aliquid

303 2680 441 2753 addatur,
466 2679 550 2742 nuos
570 2698 664 2759 rpunm
684 2698 775 2761 supra
794 2680 974 2743 montionem
995 2680 1144 2742 iniicerem
1165 2679 1253 2742 sirnul
1272 2678 1397 2761 promisi
1416 2696 1464 2741 me

303 2782 584 2854 demonstraturum,
600 2801 690 2863 quam
704 2783 780 2846 leves
794 2791 895 2845 essent
909 2800 1024 2854 causac,
1040 2791 1163 2863 propter
1172 2801 1247 2863 quas
1257 2800 1321 2844 eam
1333 2780 1465 2853 Grotius,

304 2884 554 2947 celebratissimus
578 2884 706 2948 Graecae
727 2884 869 2947 bistorise
891 2883 1089 2967 compositor,
1118 2884 1148 2947 in
1172 2884 1296 2947 dubium
1320 2892 1465 2947 semaam
1483 2892 1519 2947 κ

305 2986 406 3069 Neapoe
421 2996 518 3049 umen
534 2986 623 3050 nimis
638 2987 725 3066 longa
740 2986 798 3049 erit
810 2986 883 3049 baec
896 2986 1121 3059 demonstratio,
1141 2986 1235 3049 multo
1249 2998 1328 3049 certe
1342 2986 1469 3059 brevior.

305 3107 395 3171 quam
410 3089 535 3152 ambesa
547 3087 641 3152 Grotii
655 3089 827 3171 disputatio,
842 3107 918 3170 quae
930 3088 1066 3169 quamuis
1081 3088 1213 3169 captiosa
1223 3088 1264 3150 sit
1276 3098 1306 3151 et
1319 3088 1355 3152 ad
1368 3089 1469 3151 fallen·

306 3192 377 3255 dum
393 3192 532 3255 lectorem
547 3192 699 3255 incautum
712 3201 780 3273 apte
793 3190 970 3272 composita,
991 3198 1090 3253 tamen
1105 3208 1168 3251 rem
1184 3190 1278 3271 ipsam
1294 3188 1469 3253 examinanti

307 3304 538 3376 argumentoque
551 3292 727 3375 ponderanti
740 3309 803 3355 neu
818 3292 926 3374 poterit
939 3310 1001 3354 nou
1016 3292 1108 3355 facilis
1120 3291 1211 3353 videri
1222 3291 1259 3353 ad
1271 3290 1468 3353 refellendum.

307 3398 382 3461 Nam
396 3399 598 3479 scamnoque
622 3396 717 3459 avire
736 3394 907 3459 acutisdmo
926 3396 1102 3463 adamatur,
1129 3412 1188 3455 non
1209 3402 1267 3455 nm
1287 3392 1420 3455 historici
1440 3402 1470 3455 et

309 3500 401 3565 critici
415 3500 621 3571 subtilitatem,
639 3518 730 3579 ιιιιοιιι
746 3497 873 3561 sollertis
889 3494 1028 3559 causidici
1044 3494 1225 3557 calliditatem
1241 3495 1385 3575 produnt.
1404 3514 1469 3557 ma·

308 3605 365 3668 hm
389 3621 508 3666 causam
533 3600 716 3683 argumentis
739 3598 838 3681 specie
859 3598 978 3680 quidem
1003 3596 1080 3659 baud
1101 3596 1341 3669 mntemnendis.
1366 3614 1471 3679 reapse

309 3716 407 3769 nmen
426 3704 552 3768 infirmis
572 3702 699 3785 probare
717 3699 862 3765 conanus.
899 3698 949 3767 n.
969 3707 1002 3761 ut
1021 3698 1118 3761 dicam
1132 3697 1212 3780 quod
1227 3698 1338 3773 sentio,
1358 3698 1472 3763 dddctr

311 3849 555 3881 -0—--e—··'.
567 3868 581 3875 -
603 3869 607 3875 .

309 3974 364 4026 eivs
376 3972 501 4041 babuisse,
513 3971 560 4024 nisi
572 3970 637 4041 qaod
648 3968 744 4022 rlnsbss
756 3982 844 4019 somn
853 3964 953 4018 isniliis
963 3980 1066 4031 regnum
1076 3964 1203 4045 preprium
1212 3964 1272 4018 luit:
1285 3958 1474 4039 nidirisepnv
1558 3955 1562 3961 ¹

310 4050 569 4131 altvillarensi
581 4055 711 4123 anteesse
722 4048 771 4107 daei
784 4047 834 4121 ripn
842 4046 983 4122 siylrsror
992 4043 1124 4121 ὑπῆρχον,
1137 4050 1168 4103 al
1179 4044 1209 4103 δ’
1219 4043 1273 4104 cirr’
1285 4044 1384 4123 ἀρετῆς
1394 4054 1473 4125 ripaei

311 4144 382 4197 πᾶσι
396 4136 566 4213 προῦκειντο
578 4145 638 4201 τοῖς
648 4138 823 4213 δυναμένοις.

378 4230 420 4294 bd)
438 4229 513 4282 rana
532 4228 564 4292 V,
582 4228 777 4296 b,81ilesran
794 4232 942 4280 'sentem
958 4223 1113 4276 creationem
1131 4218 1350 4291 denominaris
1364 4242 1424 4279 esse
1438 4228 1476 4279 sit

310 4314 357 4367 sel
373 4310 479 4387 ὁμοίαν
493 4314 527 4388 τῇ
538 4314 596 4369 οὖν
606 4311 638 4368 ἐν
648 4311 847 4385 Λακεδαίμονι
858 4304 1007 4382 γερόντων,
1024 4308 1191 4377 quantacun
1204 4310 1296 4362 aetna
1309 4318 1433 4365 teststsn
1444 4313 1477 4366 sb

310 4400 341 4453 li.
353 4400 471 4469 Ssappis,
487 4400 569 4469 Epist
585 4400 644 4453 erit.
654 4400 688 4452 sd
699 4398 732 4452 n.
740 4398 908 4452 nemans-
919 4412 943 4463 ρ.
956 4394 1018 4460 148,
1036 4394 1132 4448 inserts
1142 4404 1202 4449 sats
1214 4391 1321 4468 ὁμοίαν
1332 4400 1476 4465 mussa

310 4512 345 4525 -
355 4485 481 4539 Poecilen
492 4485 647 4540 Aristotelea
656 4484 726 4551 alibi,
738 4483 769 4550 li,
781 4484 807 4549 b,
821 4482 861 4548 18,
877 4482 1059 4551 Spsmssarsm
1075 4489 1220 4535 uastam
1236 4483 1390 4537 manaseas
1406 4484 1477 4551 dicit,

310 4571 376 4625 band
387 4570 463 4624 dabie
473 4578 616 4640 prepterea,
628 4571 694 4640 qaod
704 4569 769 4623 dieis
779 4575 876 4621 tssssn
887 4580 964 4620 cssss
976 4566 1084 4637 populas
1097 4568 1241 4635 mpsbstsr.
1265 4567 1305 4623 ct.
1313 4570 1417 4639 danea
1428 4572 1476 4639 ip.

312 4654 499 4725 Gapllld.
1072 4698 1074 4705 .

326 4784 331 4799 .
380 4741 424 4809 ιι)
441 4740 517 4796 raas
529 4740 561 4812 n,
571 4740 597 4810 ο,
606 4742 649 4796 rs
