3792 5609
959 752 1019 815 174

368 946 562 1026 somniaque
580 962 614 1007 ea
633 942 697 1005 iura
718 941 887 1017 habuerint,
911 960 988 1024 qnae
1012 934 1246 1021 ἰσοπολιτείας
1263 944 1385 1011 nomine
1404 966 1421 1011 a
1441 946 1569 1026 Graecis,

400 1046 561 1130 municipii,
575 1046 602 1109 si
618 1064 718 1109 rerum
729 1044 909 1109 h'iehuhrius
925 1046 1048 1125 udin),
1063 1068 1080 1113 a
1096 1048 1240 1113 llomonis
1256 1050 1405 1115 ueteribus
1419 1052 1569 1135 sigrdhea·

400 1153 516 1215 harrtur.
545 1151 646 1231 ltaque
665 1160 696 1211 et
713 1168 791 1213 uirus
806 1159 869 1213 erat
884 1152 1029 1232 populus,
1049 1171 1108 1215 una
1123 1172 1171 1215 ros
1187 1154 1316 1235 publiea,
1334 1173 1413 1219 unus
1433 1158 1568 1221 omnium

400 1254 565 1318 Atticorum
580 1272 646 1328 rex,
661 1262 691 1316 et
704 1271 810 1317 rursus
825 1252 925 1333 plures
941 1253 1057 1335 populi,
1071 1256 1229 1337 pluresque
1243 1276 1292 1320 res
1307 1258 1442 1340 publicae
1457 1269 1486 1323 et
1500 1262 1568 1341 plu-

401 1376 449 1419 res
472 1355 580 1437 reguli,
610 1375 636 1417 ι.
662 1376 688 1418 e.
708 1354 935 1435 (lecropiorunr,
964 1353 1202 1432 Eleusiniorum,
1232 1358 1459 1435 Phalereerum,
1489 1361 1569 1443 Epa-

401 1457 546 1529 criorum,
565 1454 809 1537 hphiduaeorum
824 1462 880 1517 etc
915 1454 1020 1518 Portos
1040 1465 1140 1519 aulem
1160 1458 1218 1521 hoc
1236 1460 1327 1522 modo
1347 1470 1377 1523 et
1395 1462 1570 1526 coniunctae

401 1560 477 1622 inter
491 1579 525 1620 se
539 1568 569 1621 et
581 1558 725 1622 discretae
739 1555 896 1620 duodecim
913 1556 1005 1619 luisse
1021 1558 1228 1639 perhibentur,
1247 1561 1402 1643 Cemopia,
1418 1562 1571 1638 Plralerus,

400 1660 529 1737 Eleusis,
549 1660 700 1741 hphidna,
718 1658 846 1732 homilia,
864 1657 1014 1738 thprhisia,
1044 1659 1204 1740 Cytisorus,
1230 1661 1411 1743 Tetrapolis,
1436 1664 1571 1746 Epacria,

400 1763 551 1838 Brauriru,
566 1762 730 1837 Thoricos,
749 1761 950 1843 Sphetlusll,
972 1780 1047 1843 quae
1062 1761 1168 1825 Thesei
1184 1762 1303 1827 derisum
1320 1774 1426 1840 aetate,
1447 1767 1571 1831 sublatis
1675 1772 1677 1777 “

401 1868 588 1947 singulorum
603 1866 712 1948 regulis
726 1885 761 1928 ac
775 1864 927 1947 prytanin,
941 1862 1172 1945 magistratihus,
1187 1864 1318 1943 iudiciis,
1333 1866 1420 1949 plane
1436 1868 1465 1933 in
1480 1870 1570 1935 unius

401 1971 595 2051 eiusdemque
608 1968 731 2032 civitatis
746 1987 858 2051 eorpus
873 1967 1021 2031 coaluisse
1035 1966 1181 2031 dicuntur.
1210 1969 1272 2032 lam
1288 1988 1359 2033 nero
1374 1990 1465 2053 ιμιιιιιι
1481 1974 1571 2037 etium

402 2081 472 2155 post
486 2072 636 2135 'llncseurn
651 2069 796 2153 populum
812 2068 941 2133 htticum
962 2068 993 2131 in
1008 2068 1163 2133 duodecim
1179 2070 1340 2152 phratrias,
1361 2074 1482 2137 totidem
1498 2085 1572 2157 quot

403 2177 474 2240 olim
488 2174 581 2240 utus
596 2173 721 2248 lucrant,
735 2171 862 2236 dicisum
877 2171 1077 2245 inveniamus,
1092 2191 1187 2254 neque
1203 2172 1290 2236 ullam
1303 2187 1453 2256 praeterea
1468 2178 1571 2261 populi

404 2278 436 2341 in
460 2277 617 2341 duodecim
639 2285 738 2360 partes
762 2275 952 2352 divisionem,
979 2293 1088 2339 casrrne
1113 2276 1260 2357 phratrias
1280 2296 1348 2341 eum
1369 2278 1492 2343 urhihus
1513 2298 1571 2345 nu·

405 2401 489 2446 mero
503 2399 681 2462 eorrgrrrere,
695 2398 800 2459 reapse
814 2388 911 2442 autem
927 2377 1059 2441 ahenas
1075 2378 1164 2441 luisse
1179 2379 1356 2445 credemus?
1378 2402 1468 2464 ‹puum
1485 2403 1573 2467 prae·

404 2484 506 2551 sertim
526 2482 674 2566 phratrias
693 2491 810 2547 constet
828 2482 916 2545 certis
930 2482 1108 2564 quibusdam
1123 2484 1259 2565 genitibus
1275 2486 1457 2569 compositas
1471 2487 1571 2563 luisse,

405 2600 506 2672 gentes
524 2598 623 2652 auteur
642 2606 728 2651 sumn
748 2605 896 2669 ιιιιιιιιιιιιιι
909 2586 1061 2669 regionem
1076 2586 1235 2651 incoluisse
1249 2598 1278 2651 et
1293 2607 1340 2653 res
1356 2590 1420 2672 ipsa
1436 2590 1530 2657 vineat
1544 2600 1574 2656 et

405 2703 465 2758 tam
480 2692 571 2757 nudta
585 2694 719 2755 locorum
734 2690 856 2754 nonarius
871 2690 1078 2753 demonstrent
1092 2710 1108 2753 a
1124 2692 1259 2772 gentihus
1270 2693 1366 2767 ducto,
1383 2714 1416 2757 ex
1427 2714 1488 2776 quo
1498 2714 1572 2759 eon·

404 2798 538 2880 sequitur
552 2794 698 2877 phratrias
709 2813 828 2876 quoque
837 2813 923 2858 suam
934 2812 1082 2875 quomque
1091 2794 1152 2875 agri
1162 2794 1248 2858 senei
1260 2794 1409 2876 regionem
1421 2798 1571 2862 hahuisse.

406 2900 493 2975 Quod
508 2919 601 2981 qrrnm
616 2896 764 2981 phratrias
779 2896 954 2977 regionatim
971 2897 1078 2961 divisas
1094 2896 1185 2960 luisse
1200 2906 1348 2980 appareat,
1364 2898 1431 2962 illud
1447 2920 1573 2981 prorsus

405 3002 575 3067 ineredihde
586 3000 678 3065 rideri
692 3000 788 3075 dehet,
802 3016 906 3080 agrum
918 3000 1046 3065 htticum
1061 2999 1215 3082 dupliciter
1229 3000 1259 3063 in
1274 2999 1427 3065 duodenas
1438 3004 1573 3084 regiones

405 3107 534 3172 divisum
550 3106 659 3179 luisse,
679 3104 719 3167 ita
734 3112 768 3167 ut
782 3105 872 3168 altera
887 3102 992 3166 divisio
1008 3105 1045 3167 ad
1061 3104 1163 3177 urhes,
1184 3106 1271 3167 altera
1287 3104 1324 3167 ad
1340 3106 1487 3187 phrahias
1503 3125 1573 3188 per·

404 3212 521 3285 tineret,
536 3220 695 3291 essentque
709 3208 907 3291 phratriarum
919 3206 1056 3289 regiones
1067 3208 1103 3269 ah
1115 3206 1234 3271 urbium
1246 3208 1418 3289 regionibus
1430 3208 1574 3283 diversae,

407 3324 440 3379 ut
458 3316 549 3379 unius
567 3314 716 3396 phratrias
735 3330 807 3395 pars
827 3331 852 3374 r.
873 3332 898 3374 c.
919 3310 956 3375 ad
977 3310 1160 3385 Eleusinem,
1180 3311 1235 3374 alia
1251 3312 1288 3376 ad
1303 3312 1446 3386 Athenas,
1467 3313 1522 3375 alia
1537 3314 1574 3377 od

407 3418 563 3482 Phalcrurn
578 3418 748 3500 pertineret,
763 3433 928 3497 rursusque
942 3414 974 3477 in
985 3414 1202 3478 Eleusiniorum
1218 3424 1269 3478 aut
1280 3414 1491 3479 Phalereorum
1503 3434 1574 3498 agro

408 3521 589 3584 hiremarum
613 3517 828 3602 phratriarum
842 3527 942 3601 partes
967 3516 1109 3581 inessent
1138 3552 1181 3564 -
1217 3518 1259 3581 lta
1284 3537 1376 3601 quum
1401 3502 1520 3581 easdem
1546 3528 1576 3581 et

409 3622 608 3704 phratriarum
633 3632 664 3687 et
689 3622 810 3686 urhium
833 3621 971 3702 regiones
992 3621 1086 3686 luisse
1105 3622 1153 3685 his
1173 3620 1336 3686 rationibus
1357 3622 1574 3703 propemodum

411 3726 475 3807 orgi
493 3726 641 3805 rideatur,
668 3737 731 3792 tum
751 3727 832 3809 quod
855 3725 1044 3789 llermanuus
1066 3734 1207 3808 tanquam
1222 3724 1404 3790 contrarium
1419 3724 1490 3790 huic
1503 3742 1575 3787 sen-

411 3829 517 3892 tentiae
536 3840 742 3911 argumentum
764 3828 921 3913 opposuit,
942 3850 1010 3893 meo
1030 3830 1148 3911 quidem
1165 3828 1275 3895 iudicio
1290 3846 1476 3911 nequaquam
1492 3829 1575 3893 eius·

412 3931 493 3995 modi
503 3941 558 4007 est,
574 3945 607 3996 ut
620 3954 686 3997 earn
702 3934 864 3997 convellere
875 3933 983 4017 possit.
1006 3931 1083 3998 Nam
1094 3953 1188 4018 quum
1200 3933 1231 3998 in
1242 3931 1436 4015 inscriptione
1447 3934 1576 4014 quadam

412 4032 560 4113 phratrias
577 4052 689 4099 nomen
703 4043 780 4100 extet
795 4027 980 4117 Ἅχιιιιδῶν
992 4030 1056 4115 ¹¹¹),
1078 4056 1173 4120 neque
1189 4048 1288 4101 umen
1303 4036 1333 4101 in
1348 4036 1506 4101 duodecim
1521 4036 1577 4101 illis

413 4184 529 4197 ——v--
543 4189 713 4202 ,αι’-σι...-

415 4272 481 4321 ran,
498 4257 587 4324 qsllm
599 4274 648 4312 aar
660 4268 717 4313 erat
728 4260 797 4315 iuter
807 4276 837 4315 sa
848 4262 1006 4317 connubium.
1025 4262 1153 4317 Plutarch.
1165 4260 1242 4317 Thes.
1256 4278 1279 4317 e.
1293 4260 1333 4317 lt.
1356 4260 1394 4315 lle
1406 4260 1540 4315 lhuiemru
1552 4260 1577 4313 in

414 4340 498 4395 slim
518 4358 582 4411 pago
601 4339 724 4414 lysrrjmr
745 4354 774 4400 et
792 4347 913 4415 secuml
933 4346 1084 4421 ὴιιιιηιιιιῷ
1105 4348 1171 4404 conl.
1188 4349 1299 4404 hardla.
1315 4364 1404 4403 osma.
1422 4348 1460 4403 roi
1476 4364 1501 4418 p.
1517 4346 1577 4402 nu

415 4426 534 4497 ιοιιρ.
546 4428 597 4481 ιιι
614 4430 673 4494 (ros
686 4432 747 4484 arsa
759 4434 871 4496 emar.)
1409 4456 1412 4465 .

483 4513 509 4579 8)
528 4514 623 4566 llistor.
636 4514 740 4569 honus.
752 4523 811 4570 ton.
825 4518 846 4571 ll
858 4535 883 4589 p.
895 4518 929 4573 64
941 4536 996 4592 sqq.
1009 4520 1071 4575 edit.
1084 4522 1187 4576 umori.

482 4598 510 4665 h)
527 4599 612 4653 strab.
624 4598 670 4666 tx,
684 4616 707 4653 c.
721 4602 744 4665 l,
760 4617 785 4671 p.
797 4601 848 4655 2⁴2
859 4602 971 4659 Tarcho.

483 4686 525 4749 1⁰)
544 4686 652 4739 Mb·
670 4686 745 4756 (ἴση.
760 4686 838 4741 laser.
856 4688 908 4762 lp.
924 4692 975 4746 sss
993 4708 1033 4745 uo.
1046 4692 1109 4748 toas
1129 4688 1219 4766 Ἱερὸν
1235 4688 1409 4756 Ἀπόλλωνος
1428 4689 1580 4765 Ιρδομιίοιι

415 4764 723 4847 mnumer-
1016 4804 1021 4817 ·
