3792 5609
871 702 911 766 17

308 892 388 975 quod
396 891 468 974 quin
480 892 629 956 ethnicum
641 875 680 956 alt
691 903 745 956 ota
758 893 849 974 patria
862 893 987 956 inuitum
999 891 1128 955 dubitari
1139 891 1226 974 plane
1235 909 1297 954 uon
1308 897 1423 971 potest*
1435 891 1475 960 ll·

309 996 379 1058 nilail
395 1003 492 1070 curat,
512 1005 756 1077 constantemque
770 995 950 1078 antiquitatis
967 994 1170 1066 traditionem.
1191 1014 1268 1076 quae
1285 996 1476 1057 lucumonem

309 1099 458 1180 quendam
473 1098 502 1160 h.
519 1117 544 1162 e.
561 1099 723 1180 principem
736 1101 893 1162 Etruscum
906 1099 1016 1160 Romae
1031 1095 1206 1178 irruperassn
1221 1097 1476 1178 Tarquiniumque

309 1221 325 1263 a
341 1201 443 1282 patria,
460 1201 592 1282 priscum
608 1213 705 1264 autam
721 1222 737 1264 a
753 1202 880 1282 postula
896 1201 1007 1264 «lictum
1023 1199 1155 1280 perlailaet
1166 1203 1235 1274 ²⁰).
1254 1219 1316 1280 quo
1331 1199 1369 1262 ala
1384 1200 1476 1260 altero

309 1323 378 1384 rege
398 1303 467 1366 item
482 1304 644 1386 Tarquinio
664 1305 907 1384 distingueretur,
929 1321 1054 1384 pemeus
1069 1301 1266 1383 spernendam
1282 1313 1380 1384 putat.
1401 1299 1476 1363 insi·

310 1406 405 1488 lisque
417 1407 558 1470 llomanis
575 1407 708 1488 ignotum
724 1427 758 1468 aa
774 1416 858 1487 gerute
870 1404 1074 1468 coraamcnliria
1087 1425 1185 1485 regom
1197 1405 1339 1468 obtrualit.
1361 1406 1476 1480 Quam·

309 1529 396 1590 quam
414 1509 504 1570 luisse
524 1510 678 1592 aliquando
694 1511 852 1572 Etruscum
869 1509 1073 1570 lionaaraoruro
1094 1527 1192 1587 regem
1212 1525 1249 1570 ne
1268 1507 1333 1590 ipse
1355 1507 1476 1589 quidem

309 1613 463 1674 dillitetur:
485 1611 536 1674 aed
557 1613 705 1674 diuersum
727 1611 836 1674 seilicet
854 1611 935 1673 hunc
954 1619 1055 1672 censet
1075 1610 1112 1672 ab
1133 1609 1182 1672 illo
1197 1609 1302 1672 l‘riaco
1325 1619 1355 1672 et
1373 1629 1477 1673 errore

310 1714 489 1796 scriptorum
509 1713 681 1794 linguaeque
701 1713 809 1794 patriae
828 1713 1012 1794 ignoratione
1031 1729 1100 1774 cum
1124 1731 1160 1773 eo
1186 1715 1355 1774 conflatum.
1390 1714 1477 1776 lluuc

310 1827 407 1878 autem
420 1815 578 1878 Etruscum
594 1825 694 1878 utrum
709 1815 900 1896 Tarquinium
917 1824 946 1877 et
960 1814 1057 1895 ipsum
1074 1813 1165 1876 luisse
1179 1814 1286 1888 credat,
1299 1835 1338 1878 an
1350 1817 1476 1897 Tarqui·

311 1919 350 1980 nii
367 1936 476 1980 nomeu
492 1917 543 1979 rani
559 1916 598 1980 illi
615 1917 717 1980 Prisco
733 1929 880 1980 servatum
895 1917 972 1990 salit,
987 1936 1003 1978 a
1018 1917 1132 1980 alualaua
1147 1919 1258 1980 scilicet
1272 1919 1407 2000 gentibus
1421 1939 1477 2002 ap-

312 2021 427 2102 pellato,
443 2020 507 2101 ipse
518 2037 578 2083 non
590 2020 697 2084 ‹liserte
709 2021 889 2102 signilicarit,
905 2040 960 2083 nec
975 2021 1050 2083 orire
1065 2032 1168 2084 nostra
1180 2021 1324 2085 interest²
1337 2026 1375 2097 ¹l.
1400 2023 1479 2086 Sunt

310 2125 389 2186 anian
405 2123 460 2187 ista
477 2123 575 2187 omnia
591 2124 738 2188 eiuaeumali
754 2143 829 2206 quae
843 2143 904 2188 nou
918 2143 1005 2204 angra·
1026 2127 1168 2188 lerremus
1187 2125 1224 2188 ala
1242 2125 1360 2206 egregio
1379 2126 1478 2190 histo·

311 2227 370 2290 riae
385 2227 535 2290 llomanae
551 2248 640 2310 opero
655 2248 779 2310 prorsus
798 2228 910 2291 alusse.
941 2227 1042 2310 Neque
1061 2229 1120 2291 hoc
1133 2248 1169 2291 eo
1185 2229 1328 2304 diximus,
1348 2251 1408 2312 quo
1423 2233 1477 2294 tle·

312 2331 425 2394 trahere
435 2330 594 2412 quidquam
611 2333 720 2396 srtnrmi
737 2333 788 2395 viri
805 2333 938 2396 laudibus
951 2333 1098 2404 vellemus,
1112 2341 1162 2394 aut
1171 2332 1286 2412 egregia
1296 2333 1360 2396 eiua
1374 2335 1478 2398 merita

313 2434 437 2497 minoris
456 2434 694 2498 aestimaremus:
715 2455 789 2516 quac
808 2453 879 2498 sano
898 2435 1022 2498 libenter
1039 2435 1229 2516 agnoscimus
1248 2436 1332 2516 plura
1352 2437 1383 2498 iu
1398 2457 1435 2500 eo
1448 2448 1481 2500 et

313 2537 423 2600 maiora
444 2557 522 2610 esse,
548 2557 635 2617 quam
657 2537 686 2600 in
706 2539 835 2620 quolilret
856 2557 917 2601 uno
936 2557 1056 2610 eorum.
1075 2538 1124 2618 qui
1144 2547 1214 2619 post
1233 2549 1350 2600 mantas
1368 2539 1480 2602 litteras

261 2702 263 2708 .
312 2639 464 2702 historiam
481 2641 646 2703 itomanam
661 2649 835 2705 tractarunt:
856 2643 907 2705 secl
929 2640 1070 2704 nimirum
1083 2660 1144 2722 quo
1160 2641 1227 2722 plus
1242 2640 1288 2704 ille
1301 2641 1435 2704 doctrina
1449 2652 1481 2704 et

313 2743 430 2824 ingenio
446 2742 582 2824 pollebat,
598 2763 633 2806 eo
649 2744 742 2825 magis
757 2747 844 2808 etiam
859 2743 973 2807 uiribus
988 2744 1052 2806 auia
1064 2745 1197 2806 conlisus
1207 2744 1331 2806 modum
1345 2763 1434 2824 caepe
1448 2744 1480 2806 in

312 2845 471 2908 dubitando
487 2855 516 2908 et
530 2845 722 2910 coniectando
737 2845 863 2909 excessit
877 2865 968 2927 eaque
983 2845 1120 2928 protulit,
1139 2865 1213 2926 quae
1227 2847 1253 2908 si
1267 2845 1305 2908 ala
1319 2845 1376 2909 alio
1389 2865 1480 2909 erco-

312 2947 398 3026 gitata
414 2958 523 3020 essent,
539 2949 672 3011 certatim
688 2966 793 3011 omues
808 2949 1012 3030 explorarent,
1026 2965 1107 3010 nunc
1120 2958 1234 3020 autem.
1254 2966 1346 3030 quum
1361 2949 1480 3029 proban·

312 3071 328 3112 a
344 3049 538 3131 prudentibus
554 3068 615 3113 non
630 3051 757 3133 possint,
772 3051 906 3114 excusari
920 3060 1020 3114 tamen
1034 3049 1128 3132 pietas
1138 3060 1167 3112 et
1178 3048 1352 3113 meritorum
1363 3069 1480 3114 memo·

314 3152 355 3214 ria
372 3153 460 3216 iubet

399 3254 493 3318 Scrib.
520 3254 551 3316 iu
576 3256 723 3322 academia
746 3255 1014 3340 Gryphisualdenai
1038 3275 1065 3319 a
1085 3257 1114 3320 rl.
1139 3256 1187 3319 ΙΙΙ.
1206 3255 1283 3319 Non.
1301 3257 1384 3321 llart.
1410 3275 1479 3321 ann.

314 3356 576 3422 utucccxxxvll.

369 3619 409 3686 llll
428 3617 541 3688 Apparet
557 3619 622 3670 enim
639 3615 800 3686 Tarquinium
816 3617 917 3688 proprie
934 3617 1015 3668 eirena
1032 3631 1090 3668 eaae
1110 3615 1181 3668 urbia
1197 3631 1261 3684 quae
1282 3615 1337 3686 ipaa
1357 3635 1406 3671 noa
1427 3620 1480 3672 alio

315 3720 387 3775 quam
405 3705 496 3758 nivium
514 3720 615 3757 anonam
630 3704 727 3756 nomine
739 3702 870 3773 Tarquinii
888 3701 1021 3770 pluraliter
1036 3702 1186 3766 vocamur,
1204 3703 1269 3755 nale
1285 3711 1375 3772 poatea
1391 3721 1481 3758 annana

316 3789 534 3861 Tarquiniensium
546 3789 681 3860 appellatio
694 3791 793 3843 cienena
805 3797 854 3842 eat.
880 3787 920 3841 at
932 3787 1049 3842 Etnaeia
1066 3788 1127 3840 urba
1138 3788 1274 3842 Tarelanfln
1291 3790 1358 3844 clieta
1371 3792 1481 3846 ridetur.

317 3876 434 3930 llneller.
448 3877 549 3930 Etruac.
564 3877 576 3928 l
591 3894 614 3944 p.
629 3875 670 3928 72.

368 3962 411 4028 20)
431 3961 500 4016 Unus
512 3962 602 4015 Livius
616 3961 639 4028 l,
652 3961 694 4028 34,
709 3961 738 4014 ll
752 3961 832 4015 Priaei
850 3977 939 4014 nomen
952 3960 1090 4030 Tarquinio
1107 3962 1195 4015 tailaait
1205 3963 1279 4015 ainanl
1290 3971 1368 4033 atque
1379 3965 1482 4020 Roman

316 4048 426 4101 advenit.
451 4048 502 4101 Seal
514 4048 563 4101 alia
577 4049 649 4100 laniua
661 4048 686 4098 in
699 4047 775 4100 simili
787 4063 880 4114 periere
893 4047 1133 4117 incuriaeexerapla
1144 4049 1231 4102 attulit
1239 4049 1429 4105 Drakenborch.
1441 4055 1482 4106 a&

304 4128 341 4185 'ln
354 4132 381 4200 l.,
394 4149 426 4186 ne
438 4134 495 4203 qnia
506 4149 539 4187 ex
552 4135 599 4185 loe
611 4133 762 4202 praesidium
776 4131 960 4186 Niebubrianae
973 4135 1113 4186 aententiae
1126 4134 1178 4203 peti
1191 4151 1266 4203 pane
1277 4138 1376 4190 credat.

367 4219 411 4286 at)
429 4219 569 4273 Verlaaime
581 4219 653 4271 nolria
668 4221 700 4271 de
711 4217 907 4288 Tarquiniorum
920 4235 1006 4286 regum
1018 4219 1125 4273 lutearia
1136 4219 1278 4275 lluelleraa
1289 4224 1434 4292 rliaputam
1444 4224 1485 4276 ri·

317 4307 401 4372 datar,
413 4305 516 4359 Era-nae.
532 4307 543 4358 l
558 4323 583 4376 p.
598 4305 741 4358 tta-1²³.
