3792 5609
966 795 1029 862 204

406 989 547 1072 ornantia
572 987 690 1068 longior
714 995 745 1048 et
769 985 929 1062 diltleilior‚
955 1005 1045 1071 quarn
1072 1007 1146 1071 ‘prae
1172 987 1267 1052 obiter
1288 989 1347 1053 bor.
1369 990 1436 1054 loce
1459 991 1585 1068 trartari

407 1091 526 1174 possin
550 1090 744 1172 ηυιιυιυΙνυουι
764 1089 795 1152 iu
814 1089 1009 1174 appendicem
1030 1091 1115 1155 libelli
1135 1092 1321 1157 reiiciendaur
1337 1093 1445 1175 putari.
1479 1095 1587 1176 Seboy

342 1255 350 1270 ,
409 1195 517 1256 liastae
531 1203 630 1254 autern
647 1191 749 1272 opinio
765 1194 845 1255 unde
861 1203 926 1256 orta
942 1193 989 1270 sit,
1005 1193 1106 1257 rideor
1121 1195 1193 1258 nrilri
1209 1196 1280 1259 satis
1297 1197 1453 1259 uranilesto
1469 1196 1575 1278 depre-

409 1295 567 1370 hendisse,
591 1314 650 1377 qua
669 1295 706 1357 de
726 1314 758 1358 re
777 1304 847 1376 pon
861 1315 918 1358 suo
933 1297 1000 1360 loro
1015 1317 1172 1381 exponant.
1206 1299 1294 1375 Quod
1311 1309 1409 1363 autern
1425 1299 1460 1362 de
1474 1299 1576 1362 litteris

410 1400 498 1475 dicit,
524 1399 634 1481 quibus
658 1397 771 1478 singula
795 1399 951 1464 ‹linasteria
975 1411 1073 1464 notata
1094 1401 1216 1478 luerint,
1244 1401 1366 1466 dubiurn
1387 1421 1454 1465 esse
1477 1401 1578 1484 nequit

410 1511 538 1586 prespiter
556 1502 724 1564 basneolis
743 1503 949 1567 auctoritatem
970 1507 1049 1588 apud
1064 1505 1162 1568 Sebol.
1179 1507 1215 1568 ad
1232 1506 1305 1569 rtur
1318 1525 1343 1569 r.
1360 1505 1422 1570 278
1436 1507 1485 1586 (el.
1502 1506 1576 1571 inlra

409 1607 567 1688 eapn'ttn
581 1625 762 1688 quaurquaur
776 1625 837 1689 quo
853 1607 916 1670 iure
930 1608 1003 1672 istae
1019 1609 1131 1672 litterae
1144 1599 1256 1672 είδικά
1267 1599 1415 1690 ὀνόματα
1425 1619 1575 1685 vocentur,

409 1712 495 1775 baud
511 1711 668 1793 μουεηιίοίο.
1384 1777 1387 1782 Δ

501 1815 611 1897 Gapl'.
633 1813 752 1895 lleliqua
768 1814 878 1878 scholii
894 1833 965 1897 pars
981 1817 1055 1878 trare
1069 1825 1129 1880 est:
1154 1806 1252 1880 Ὅσοι
1268 1811 1306 1880 δέ
1323 1812 1481 1881 δικασταί
1495 1803 1578 1904 ἦσαν

412 1912 451 1982 ἐν
470 1907 654 2003 Ἀδηναις,
683 1910 823 1994 ἕκαστος
847 1909 930 1981 καθ’
956 1911 1094 1982 ἐκαστον
1119 1912 1337 2006 δικαστήριον
1362 1908 1429 2000 rixo
1455 1913 1576 1998 δέλτον,

412 2013 567 2085 τοιτέστι
585 2013 793 2098 πινακίδιον,
811 2014 846 2084 ἐν
861 2005 889 2106 ᾦ
904 2015 1164 2108 ἐγγεγραμμένον
1180 2009 1218 2108 ἦν
1231 2018 1271 2086 τά
1287 2011 1391 2104 ὄνομα
1405 2014 1506 2086 olvat
1522 2017 1578 2086 καί

413 2119 477 2187 τοῦ
497 2115 724 2210 δικαστηρίου.
752 2111 820 2203 edre
835 2119 873 2188 δέ
889 2121 945 2187 καί
961 2120 1086 2210 ῥάβδον
1099 2117 1170 2206 ἅμα
1184 2123 1232 2210 τῷ
1249 2119 1450 2211 πινακιδίιμ·
1472 2119 1580 2189 καὶέν

370 2245 392 2293 8
416 2218 503 2312 αέτῇ
522 2221 561 2291 δέ
578 2221 619 2312 τῇ
639 2221 757 2313 ῥάβδῳ
778 2214 817 2313 ἦν
830 2224 870 2290 τά
885 2217 991 2308 ίίνομα
1004 2223 1064 2290 τοί·
1080 2221 1296 2314 δικαστηρίου
1312 2219 1577 2313 ἐγγεγραμμένον.

418 2323 499 2393 Ὅτε
514 2315 571 2392 οέν
584 2323 756 2411 συνέβαινε
772 2325 889 2414 καιρδς
902 2327 962 2393 τοῦ
977 2324 1105 2408 δικάζει
1111 2351 1135 2408 υ,
1151 2321 1288 2416 ἤρχοντο
1301 2325 1424 2408 πάντες
1435 2321 1468 2393 οἱ
1481 2327 1580 2392 δικα·

416 2427 497 2497 σταὶ
512 2424 561 2508 είς
574 2428 634 2517 τη“ν
647 2424 783 2515 άγοράν,
803 2425 901 2495 κάκεῖ
914 2425 1052 2518 κλήρους
1067 2425 1224 2515 ἔβαλλον·
1247 2429 1303 2496 καὶ
1322 2426 1414 2510 ὅστις
1428 2423 1468 2495 ίίν
1483 2427 1578 2518 ἐκλη-

417 2531 517 2617 ροῖτο
541 2531 661 2619 κλῆρον
682 2525 797 2613 ἔχοντα
819 2530 860 2598 τὸ
884 2535 938 2612 A,
967 2527 1136 2620 ιίπηρχετο
1156 2527 1205 2610 είς
1227 2531 1267 2598 τὸ
1287 2536 1327 2598 A
1351 2529 1579 2620 δικαστήριον·

418 2628 546 2718 ὁμοίιος
570 2629 619 2710 είς
643 2632 683 2698 τὸ
711 2637 742 2698 Β
767 2632 826 2699 καὶ
850 2631 893 2698 τά
916 2631 1037 2721 ἐφεξῆς
1060 2628 1257 2722 ἀπήρχοντο.
1291 2632 1349 2701 καὶ
1370 2631 1582 2723 πρῶτονμὲν

419 2730 565 2803 ἐδείκνυε
582 2733 632 2823 roi
651 2730 770 2823 κηρυκι
788 2735 847 2801 τοῦ
867 2732 1086 2826 δικαστηρίου·
1106 2736 1165 2803 τόν
1185 2737 1303 2826 κλῆρον
1320 2737 1380 2802 τοῦ
1399 2732 1581 2819 στοιχείου·

420 2836 440 2908 ὁ
466 2837 504 2907 δέ
529 2835 634 2927 κη’ρυξ
656 2836 781 2904 λοιπὸν
805 2833 921 2905 ἐδίδου
947 2833 1036 2928 edroi
1060 2839 1100 2906 τδ
1127 2837 1287 2906 ττινιίκιον
1313 2835 1414 2906 αὐτοῦ
1440 2837 1582 2929 κοίτην

419 2943 555 3031 ῥάβδον,
575 2932 649 3008 εἶτα
668 2937 774 3022 οίίτιος
791 2937 952 3023 ἐδίκαζεν.
976 2939 1006 3010 εἰ
1026 2943 1064 3011 δέ
1078 2941 1306 3032 τιςδικασιὴς
1320 2939 1426 3033 εἰσῄει
1440 2942 1487 3034 μη
1502 2943 1581 3034 κλη-

418 3047 544 3140 plebeis
558 3042 607 3126 εἷς
620 3045 660 3113 τὸ
676 3041 901 3136 δικαστήριον,
917 3043 1093 3137 διαιγιίριος
1106 3045 1291 3137 ἐζημιοῦτο.
1338 3051 1423 3126 llaec,
1439 3050 1496 3113 nisi
1511 3070 1581 3133 per·

417 3155 590 3220 rerslssirue
617 3153 791 3217 scholiastes
820 3164 923 3216 noster
953 3155 1068 3217 turritus
1099 3163 1163 3230 ost,
1198 3173 1260 3217 non
1290 3155 1375 3218 aliana
1405 3155 1580 3218 sententiam

416 3262 525 3324 babere
545 3268 687 3340 possunt,
712 3257 770 3320 nisi
791 3253 881 3319 bane:
916 3259 1163 3340 Ununnprernque
1185 3259 1312 3320 irnlirenr
1332 3259 1423 3321 «tonas
1441 3258 1582 3322 babuisse

418 3364 550 3438 tabellas,
576 3382 632 3444 pro
653 3359 879 3424 ‹lieasteriorrnu
900 3380 1042 3435 nurnero,
1069 3361 1200 3442 singulas
1222 3361 1252 3424 in
1273 3361 1399 3442 singula,
1420 3362 1466 3425 sui
1487 3361 1582 3443 ipsius

418 3467 540 3531 nornine
564 3476 595 3528 et
619 3464 846 3528 iliersterioruur
873 3465 952 3527 notis
980 3466 1150 3546 inser·iptas;
1176 3466 1244 3529 iteur
1271 3466 1419 3547 scipiones
1446 3466 1580 3536 totidem,

417 3572 525 3634 iisderu
550 3568 632 3631 notis
658 3567 826 3648 insignitos.
864 3568 1029 3649 Utrumque
1054 3585 1115 3630 uon
1142 3567 1179 3630 ab
1207 3568 1280 3650 ipsis
1307 3569 1388 3632 rlnnri
1416 3587 1502 3642 suae,
1529 3569 1582 3630 sed

419 3673 535 3755 publice
552 3693 569 3736 a
589 3670 812 3751 ruagistratibus
827 3678 1010 3734 ussrrraturn
1026 3691 1094 3734 esse
1109 3671 1275 3752 oportebit,
1297 3690 1389 3752 rpruur
1406 3671 1494 3744 (licat,
1512 3679 1585 3751 post

419 3784 567 3858 pernotant
587 3773 773 3836 sortitionem
792 3794 859 3845 eos,
886 3775 995 3856 quilius
1016 3773 1139 3837 alieuius
1159 3773 1308 3837 dicasterii
1332 3789 1399 3836 sors
1421 3773 1583 3854 obtigisset,

420 3877 541 3940 tabellas
555 3896 626 3940 suas
642 3887 671 3940 et
685 3877 836 3959 scipiones
851 3897 867 3939 a
885 3895 1032 3958 praecone
1046 3877 1208 3959 areopisse,
1230 3897 1283 3939 eos
1296 3875 1454 3951 nimirum,
1476 3877 1583 3956 quibus

421 3979 498 4041 illius
517 3978 663 4041 rliersterii
683 3989 752 4041 nota
763 3966 909 4059 inscripta
923 3988 994 4042 erat.
1022 3980 1082 4042 lurn
1099 3983 1177 4060 linge
1193 3978 1245 4041 tibi
1260 3978 1371 4060 aliquot
1386 3977 1474 4039 rrrillia
1490 3977 1583 4040 tabel-

420 4082 515 4144 larurn
531 4090 561 4142 et
575 4082 750 4161 scipionum,
765 4102 782 4142 e
797 4081 905 4162 operibus
921 4100 976 4143 sua
992 4081 1097 4162 cuique
1113 4081 1260 4160 seligenda
1276 4089 1392 4154 essent;
1407 4098 1505 4160 neque
1519 4099 1584 4142 arn·

421 4182 499 4264 plius
523 4181 685 4254 dubitabis,
712 4183 813 4265 quanti
833 4183 1015 4246 aestimanda
1035 4183 1074 4245 sit
1097 4182 1279 4246 scholiastae
1298 4180 1393 4245 nostri
1413 4180 1583 4242 auctoritas.

421 4283 481 4346 Sed
495 4281 610 4346 Potitus
623 4303 653 4366 p.
669 4283 731 4346 393
746 4286 832 4366 louge
845 4287 927 4349 aliter
940 4286 1005 4348 eius
1020 4285 1110 4348 rerba
1127 4285 1275 4367 accepisse
1290 4283 1418 4356 ridetura
1434 4282 1475 4345 ait
1489 4281 1583 4345 eninr:

422 4383 634 4458 ,sltbenienses
650 4385 699 4468 qui
715 4388 818 4451 retient
832 4388 949 4453 iudiciis
965 4387 1129 4452 reddendis
1144 4406 1256 4461 raone,
1271 4384 1393 4450 uomina
1409 4402 1463 4448 sua
1478 4383 1586 4446 dabant
1680 4407 1684 4413 ·

423 4487 543 4550 tabellae
557 4486 708 4570 inscripta,
719 4488 869 4571 adscripto
883 4491 977 4574 patris
993 4491 1155 4573 populique
1170 4489 1305 4552 nornine:
1328 4485 1451 4550 totidem
1467 4505 1585 4578 qunque

423 4598 508 4654 erant
523 4589 652 4662 tabellae,
668 4608 794 4675 quantur
810 4593 881 4657 aliae
891 4595 957 4658 aliis
972 4595 1078 4658 barura
1094 4594 1197 4656 decern
1211 4589 1375 4655 litterarum
1392 4589 1443 4669 (ab
1458 4590 1483 4651 d
1497 4588 1533 4652 ad
1548 4589 1584 4665 li)

424 4701 527 4756 essent
544 4701 675 4766 nonne,
694 4711 750 4774 pre
768 4711 894 4759 nurnero
914 4697 1026 4762 sdlieet
1042 4715 1164 4773 eorum,
1189 4694 1239 4779 qui
1258 4694 1289 4758 ln
1308 4695 1367 4759 boe
1385 4693 1430 4757 rel
1450 4693 1498 4756 ille
1519 4694 1584 4755 loro

422 4805 526 4860 essent
544 4793 710 4860 iudicaturi.
744 4799 838 4880 Atque
856 4799 896 4862 ita
915 4801 1015 4877 nonar.
1035 4810 1070 4864 ut
1088 4807 1180 4884 prout
1198 4798 1325 4882 quisque
1342 4799 1421 4863 hane
1437 4803 1490 4862 aut
1508 4793 1585 4860 illam
