3792 5609
346 996 474 1068 esimul
499 994 588 1059 etiam
613 991 714 1059 omnia
737 993 940 1058 llomoeorum
969 995 1033 1058 iurn
1056 992 1289 1077 impertirentur,
1314 997 1344 1061 lr.
1364 1006 1443 1061 eut
1467 994 1545 1061 eires

384 1102 503 1183 quidem
522 1117 621 1180 neque
641 1109 739 1161 tamen
761 1097 876 1179 optimo
895 1098 959 1162 iure
979 1098 1195 1175 moestiorem,
1215 1101 1252 1165 de
1271 1120 1331 1182 quo
1351 1121 1456 1183 genere
1475 1101 1546 1183 quid

383 1203 473 1266 nohis
486 1201 621 1265 rideatur
634 1202 710 1265 inira
721 1219 915 1283 exponemus.
938 1202 1116 1285 Quicunque
1128 1211 1227 1266 eutem
1239 1204 1317 1267 rives
1329 1224 1426 1287 neque
1439 1202 1546 1267 renroti

381 1326 418 1369 er
437 1304 596 1379 llomoeis,
616 1324 713 1387 neque
732 1304 829 1387 alique
847 1307 910 1386 lego
928 1314 958 1367 ot
976 1306 1147 1369 conditione
1167 1305 1205 1369 nh
1225 1326 1262 1369 eo
1282 1308 1387 1371 ordine
1405 1306 1547 1390 prohibiti

382 1417 501 1483 essem,
518 1409 576 1471 hos
596 1428 705 1472 omnes
725 1408 878 1471 llomoeos
897 1407 1007 1483 luisse,
1028 1408 1057 1471 td
1079 1408 1198 1489 quidem
1218 1409 1291 1490 quin
1309 1408 1547 1491 eheuophoutis

381 1512 482 1573 uerbis
496 1520 575 1573 reete
588 1512 765 1574 conclusum
780 1510 833 1585 sit,
848 1512 949 1591 negari
964 1530 1027 1573 uon
1041 1531 1132 1593 prosse
1148 1510 1272 1575 ridetur.
1306 1511 1408 1594 Neque
1423 1512 1547 1575 dehehnt

381 1614 537 1678 lmhedus
556 1613 626 1677 huie
644 1623 819 1697 argumento
838 1613 1051 1677 Denrosthenis
1066 1614 1219 1697 quoddam
1234 1614 1437 1679 testimonium
1450 1634 1547 1697 oppo-

382 1736 468 1793 nere,
481 1738 517 1781 ex
532 1738 592 1801 quo
607 1738 752 1801 apponere
766 1717 875 1793 eredit,
894 1718 1046 1782 llomoeos
1061 1718 1155 1782 luisse
1171 1736 1233 1780 non
1248 1737 1367 1782 omnem
1383 1718 1547 1781 tuultitudi·

382 1840 586 1897 mineorum,
604 1822 655 1904 qui
669 1820 815 1903 legitimae
830 1821 1003 1905 discipliuae
1019 1820 1229 1885 conuenienter
1243 1821 1386 1899 uiuerent,
1402 1822 1456 1884 sed
1471 1840 1547 1902 pou-

267 1904 275 1917 ’
383 1923 482 1987 eiures
501 1924 648 2006 quosdam
668 1944 741 2006 prae
757 1925 863 1988 ueteris
878 1926 991 1991 eivihus
1007 1926 1184 1989 exorientes
1198 1935 1228 1988 et
1241 1926 1401 2009 queaeripuo
1417 1924 1546 2007 quodam

383 2028 448 2092 iure
468 2048 504 2091 ne
521 2035 668 2111 potestate
688 2028 849 2110 praeditos.
886 2028 963 2093 Nam
978 2028 1188 2093 Deurostheuis
1202 2046 1298 2112 neque
1314 2028 1387 2093 sutis
1402 2029 1488 2110 quuuo
1502 2036 1549 2090 est

384 2130 546 2208 sententia,
572 2150 669 2212 neque
690 2131 851 2195 auotoritas
871 2131 952 2206 tulis,
978 2151 1053 2215 quoe
1076 2132 1213 2195 anteferri
1228 2130 1419 2213 Xenophonti
1434 2130 1546 2195 debent

383 2232 432 2297 hit
450 2233 530 2297 enim
550 2232 734 2297 laetatione
753 2235 897 2299 adsersus
916 2234 1089 2317 Leptinem,
1112 2254 1179 2297 esse
1199 2235 1278 2317 nqrud
1294 2233 1547 2297 Lacedaemonios

383 2337 530 2418 quosdam
549 2336 696 2413 honores,
721 2356 850 2419 quorum
870 2336 982 2401 similes
1001 2338 1140 2420 cuiquem
1161 2336 1216 2399 elui
1237 2336 1338 2400 heberi
1352 2334 1546 2400 Athenienses

383 2456 537 2521 nunquam
556 2439 705 2502 toleraturi
725 2440 799 2514 siut,
825 2440 995 2523 limumque
1015 2440 1181 2522 exemplum
1201 2440 1287 2521 ponit
1304 2440 1377 2503 hoe:
1404 2428 1548 2501 ἐπειδάν

383 2560 437 2617 τις
450 2532 500 2617 οἷς
510 2537 571 2626 τὴν
584 2535 786 2627 καλουμένην
800 2534 974 2626 γερουσίαν
989 2536 1133 2627 ἐγκριθῇ
1148 2536 1329 2627 παρασχών
1343 2532 1461 2605 inertie
1475 2524 1547 2603 olor

383 2635 459 2728 χρή,
482 2637 648 2729 δεσπότης
666 2637 739 2708 ἐστὶ
758 2640 823 2707 τῶν
842 2640 984 2709 πολλῶν.
1018 2638 1167 2726 loripede
1187 2638 1248 2729 γάρ
1268 2632 1547 2728 incertissimis

386 2732 506 2824 detor,
530 2741 589 2831 τῆς
610 2739 788 2823 πολιτείας
807 2740 922 2829 κύριον
940 2740 1100 2830 γενέσθαι
1120 2742 1205 2829 μετὰ
1223 2744 1288 2810 τῶν
1302 2736 1437 2829 ὁμοίιον,
1454 2739 1547 2829 παρὰ

385 2840 417 2911 ‹l'
433 2838 511 2929 ipio
522 2841 643 2935 τοίτης
657 2840 677 2912 ὃ
693 2844 799 2934 δῆμος
812 2842 934 2931 κέρνος.
958 2850 1066 2931 Negavi
1077 2850 1185 2913 horum
1198 2850 1356 2913 uerborum
1369 2846 1547 2911 sententium

385 2950 457 3014 sotis
472 2952 590 3033 polanam
605 2967 687 3013 osse:
712 2959 741 3013 et
755 2951 933 3015 Selmelorus
948 2953 1084 3035 quidem,
1105 2953 1147 3015 vir·
1162 2952 1395 3036 circumspectus
1410 2953 1548 3033 nulleque

386 3054 584 3136 ptraeiudirata
604 3053 746 3137 opinione
767 3064 943 3138 oeeupntus,
968 3057 1055 3137 longe
1075 3056 1223 3120 ‹liuersmn
1244 3076 1260 3119 a
1280 3054 1385 3120 ueteris
1400 3054 1546 3138 iuterpre-

384 3158 525 3223 tationem
545 3157 687 3241 proponit
704 3158 889 3222 huiusmodi:
917 3158 1068 3241 ,‚quidni“
1088 3158 1185 3241 inquit
1202 3179 1328 3237 „rocem
1345 3148 1470 3239 ὁμοίων
1482 3157 1511 3220 h.
1527 3156 1546 3220 l.

382 3282 475 3327 seusu
484 3260 595 3343 vulgari
605 3259 822 3343 intelligamus?
836 3281 903 3326 cum
915 3262 1036 3346 paribus
1048 3262 1231 3343 (hominihus
1238 3262 1368 3327 eiusdem
1375 3260 1546 3343 dignitatis),

381 3366 446 3430 mit
459 3363 582 3429 selues
597 3364 789 3445 gleielten.‘·
821 3364 854 3427 ld
869 3383 941 3428 sane
955 3374 988 3429 ut
1003 3367 1182 3442 facillimum,
1201 3366 1244 3430 sio
1259 3384 1384 3449 prorsus
1400 3364 1459 3427 hoo
1479 3365 1546 3428 loeo

381 3478 484 3551 aptum
501 3486 568 3531 esse
583 3466 711 3530 ridetur:
736 3465 778 3539 is,
793 3465 843 3547 qui
859 3467 889 3529 iu
904 3476 1039 3531 seuntum
1055 3469 1146 3533 lectus
1160 3476 1220 3545 est,
1235 3466 1406 3541 noneolas,
1421 3466 1472 3528 sed
1488 3484 1546 3529 una

380 3590 448 3633 urm
474 3566 580 3632 eoloris
606 3566 663 3632 nihi
689 3566 811 3649 perillus
836 3568 962 3650 ideoque
987 3570 1023 3633 ud
1054 3571 1180 3634 eundem
1211 3568 1358 3651 dignitatis
1384 3566 1547 3629 senatorios

380 3672 505 3754 gendum
523 3670 630 3735 erectis
649 3689 796 3733 summam
815 3680 992 3751 potestatem
1011 3683 1133 3736 exercet
1165 3672 1223 3735 Sed
1243 3686 1395 3735 sumemus
1414 3666 1546 3748 aliquun—
1633 3724 1634 3729 ,

381 3774 475 3856 tisper
494 3774 723 3837 Demosthenem
742 3772 801 3837 hoe
819 3772 886 3837 loeo
904 3792 1016 3837 nomen
1043 3766 1168 3855 ὁμοίιον
1192 3794 1283 3838 sensu
1308 3769 1546 3835 Lacedaemoniis

381 3876 505 3959 proprio
519 3893 695 3959 usumasse:
718 3887 912 3959 opponuntur
925 3898 997 3941 sono
1011 3878 1055 3941 sie
1066 3878 1120 3951 illi.
1136 3876 1186 3959 qui
1203 3869 1320 3959 ὅμοιοι
1335 3873 1404 3949 sint,
1418 3872 1547 3953 reliquae

381 3978 573 4051 multitudini,
592 3974 641 4067 τῷ
659 3972 770 4066 δήμῳ,
788 3981 861 4057 τοῖς
875 3976 1028 4058 scottus:
1049 3982 1126 4065 apud
1141 3976 1390 4067 Lacedaemonios
1411 3973 1546 4049 llomoei‚

381 4081 505 4144 Athenis
521 4073 540 4145 ὁ
554 4078 661 4168 δῆμος
673 4102 736 4147 rom
752 4084 898 4165 puhlimm
914 4084 945 4147 in
961 4092 1104 4168 potestate
1119 4083 1242 4156 hebere,
1259 4082 1372 4145 ‹liversn
1387 4079 1474 4159 igitur
1487 4072 1546 4139 τοῦ
1599 4132 1602 4139 ,

382 4176 491 4269 δήμου
515 4182 577 4246 sire
599 4180 665 4248 τῶν
689 4181 821 4250 πολλῶν
846 4186 977 4251 conditio
1004 4188 1034 4250 iu
1060 4196 1184 4272 utreque
1211 4184 1323 4249 civitate
1345 4200 1411 4245 esse
1430 4178 1545 4243 elicitur.

382 4284 492 4349 imum
510 4296 608 4349 tauron
626 4288 743 4369 qualem
758 4285 879 4375 δῆμον,
901 4290 931 4355 h.
947 4312 973 4354 o.
988 4290 1103 4373 qualem
1118 4286 1333 4352 multitudinem
1347 4282 1545 4347 Lueeduomo·

383 4387 503 4451 niorum
517 4387 729 4453 Demosthenes
747 4392 778 4454 in
797 4400 895 4456 urente
909 4393 1055 4471 imbuerit,
1075 4392 1104 4457 id
1119 4391 1344 4473 haudquaquam
1359 4392 1546 4467 compertum

382 4509 451 4554 erae
464 4488 607 4553 dioemue
640 4490 777 4555 lomello
796 4495 915 4576 quidem
934 4496 1013 4561 lund
1033 4496 1121 4561 duilio
1140 4511 1209 4557 eum
1229 4489 1336 4579 δῆμον
1354 4488 1449 4553 dicere
1463 4487 1544 4549 visus

378 4604 441 4679 Uest,
465 4611 553 4674 quem
573 4589 640 4673 ipse
656 4594 755 4674 paullo
774 4606 841 4661 aute
859 4598 1001 4667 delinivit.
1028 4599 1057 4662 h.
1072 4618 1098 4663 e.
1120 4596 1198 4661 eires
1218 4596 1395 4677 Spartanos,
1424 4588 1546 4653 llorirae

383 4693 485 4777 stirpis
503 4693 654 4773 homines,
672 4696 722 4778 qui
740 4700 911 4781 suffragium
931 4701 963 4765 in
977 4700 1269 4783 eomitiishaherent
1304 4694 1355 4760 Sio
1368 4712 1439 4759 sane
1452 4690 1545 4756 halle*

383 4796 482 4862 himna
510 4795 645 4862 ordinem
675 4801 820 4882 quendam
845 4801 1048 4869 llomoeorum
1079 4800 1183 4867 ueteris
1212 4798 1323 4865 civibus
1350 4796 1543 4881 superiorem,
