3792 5609
685 1838 747 1931 Dii
777 1838 1021 1933 Pituanius
1053 1838 1238 1937 trucis,

340 2154 358 2203 a
467 2124 502 2203 in
522 2138 743 2221 perscrutandis
763 2139 944 2205 Graecorum
960 2140 1223 2226 Romanorumque
1243 2143 1421 2227 scriptorum
1441 2165 1550 2210 monu-

283 2246 286 2250 ’
382 2242 490 2305 mentis
506 2240 738 2324 indagandisque
756 2260 832 2325 quae
851 2243 963 2325 ubique
982 2262 1084 2325 sparsa
1104 2244 1134 2307 iu
1158 2246 1194 2309 iis
1215 2256 1314 2309 exunt
1329 2247 1483 2324 historiae,
1502 2268 1550 2313 re·

383 2364 449 2408 rum
463 2344 659 2426 publicarum,
674 2343 772 2426 legum
787 2355 818 2408 et
831 2344 1035 2409 institutorum
1051 2346 1182 2429 vestigiis
1198 2357 1227 2411 et
1241 2348 1357 2411 indiciis
1373 2368 1464 2431 quum
1480 2349 1552 2414 alias

383 2446 525 2529 plurimas
545 2448 634 2511 nobis
654 2466 870 2530 saepenumero
891 2447 1076 2511 ditdotdtates
1097 2450 1184 2513 obiici
1205 2450 1355 2525 dolemus,
1379 2460 1442 2515 turn
1462 2470 1552 2516 unam

384 2550 531 2632 imprimis
553 2549 719 2623 molestam,
734 2570 831 2632 neque
844 2570 910 2613 earn
925 2551 1000 2613 adeo
1015 2568 1127 2627 raram,
1142 2553 1222 2633 quod
1238 2552 1347 2634 quibus
1360 2553 1449 2631 locis,
1464 2554 1490 2617 si
1505 2554 1552 2619 in·

386 2652 457 2733 tegri
473 2653 579 2727 iurent,
593 2653 756 2735 plurimum
771 2654 917 2736 proficere
931 2673 1091 2735 possemus
1106 2654 1142 2717 ari
1155 2654 1367 2719 accuratiorem
1379 2657 1551 2721 certiorem·

386 2774 443 2837 que
456 2754 580 2819 dionius
595 2756 638 2819 rei
652 2756 865 2838 cognitionem,
885 2778 937 2820 eos
952 2765 1004 2821 aut
1017 2757 1129 2821 lacunis
1143 2766 1194 2820 aut
1207 2756 1303 2838 aiiqua
1318 2761 1484 2842 cormptela
1499 2759 1552 2823 ad·

386 2879 422 2921 eo
436 2859 610 2941 depravatos
626 2859 775 2934 ridemus,
794 2870 828 2923 ut
847 2861 946 2924 omnis
966 2860 1013 2923 ilia
1032 2878 1120 2942 quam
1141 2860 1334 2942 sperabamus
1354 2862 1463 2925 utilitas
1484 2881 1553 2925 era·

386 2970 487 3025 uasat
506 2970 536 3025 et
555 2962 639 3043 quasi
659 2963 696 3026 de
715 2964 853 3027 manibus
874 2964 1013 3028 elabatur.
1044 2962 1086 3026 iix
1106 2963 1165 3026 boc
1183 2980 1290 3043 genere
1311 2964 1394 3026 locus
1416 2973 1461 3026 est
1474 2963 1553 3046 apud

387 3065 557 3128 Ciceronem
573 3065 611 3128 de
625 3065 741 3148 iegibus
756 3066 791 3138 ii,
807 3066 837 3141 2,
853 3067 888 3140 5,
904 3066 941 3129 do
957 3085 1016 3147 quo
1032 3084 1125 3148 quum
1141 3084 1237 3147 nuper
1251 3065 1281 3128 in
1297 3064 1429 3129 iamiiiari
1444 3066 1554 3129 borum

387 3168 528 3231 librorum
544 3168 785 3251 interpretatione
800 3169 977 3233 sunu-utiam
997 3178 1131 3233 nostram
1151 3168 1280 3232 breuiter
1300 3168 1505 3231 tantummodo
1527 3177 1556 3231 et

332 3291 336 3297 ·
387 3272 557 3336 summatim
583 3272 811 3354 protulerimus,
841 3291 923 3336 nunc
953 3273 1008 3335 bac
1035 3270 1182 3335 scribendi
1213 3269 1433 3353 opportunitate
1460 3270 1554 3335 oblata

388 3374 484 3457 paniio
498 3375 670 3457 explicatius
685 3376 832 3440 disserere
851 3376 931 3439 tibet
962 3374 1055 3437 Verba
1070 3373 1232 3447 Ciceronis,
1251 3372 1502 3455 quemadmodum
1517 3374 1555 3437 ab

390 3478 498 3542 Oreitio
512 3479 702 3555 exhibentur,
715 3480 789 3543 baec
802 3488 887 3543 sunt:
909 3477 970 3559 Epo
986 3476 1149 3540 nubercnia
1163 3488 1191 3539 er
1203 3476 1252 3539 iiia·
1265 3475 1403 3553 (Catoni)
1419 3486 1446 3539 et
1460 3478 1556 3539 onini-

391 3580 444 3642 dns
457 3580 653 3663 municipibus
668 3584 743 3645 atuor
756 3598 816 3644 esse
831 3598 930 3643 cenam
938 3582 1065 3662 patrios,
1079 3598 1172 3642 unam
1185 3590 1327 3650 nntrrrne,
1343 3576 1468 3641 aiteram
1482 3580 1556 3641 eini-

308 3685 310 3688 ’
391 3686 471 3744 toda:
491 3693 523 3743 nt
537 3682 589 3746 iiic
603 3682 673 3747 Coto
688 3703 778 3765 quum
797 3694 868 3747 esset
885 3680 1003 3745 Tuaneb'
1014 3692 1116 3755 nctru,
1137 3684 1169 3743 in
1185 3678 1292 3763 popuii
1304 3678 1434 3742 Romani
1451 3681 1557 3742 civito·

392 3794 447 3845 um
459 3796 606 3867 msceptns
620 3798 669 3849 est.
705 3784 753 3849 Ito
767 3806 858 3869 pauno
877 3797 944 3849 ortu
962 3782 1144 3848 Tusculanus
1161 3794 1246 3859 esset,
1267 3785 1380 3847 notrae
1394 3779 1556 3855 demonstr,

395 3884 495 3948 induit
508 3886 631 3951 citeron
645 3888 704 3952 ioci
713 3892 860 3971 patriam,
882 3888 1007 3975 aiterum
1025 3890 1115 3950 iun'r:
1136 3898 1170 3951 nt
1183 3888 1274 3951 vestri
1287 3886 1372 3949 Attici
1380 3887 1558 3968 prinsquam

398 3985 582 4052 iimreca
600 3991 765 4073 demiqrcrc
783 4012 822 4057 aa
841 3995 923 4074 oqn's
941 4002 969 4055 et
988 3993 1019 4053 in
1038 4002 1104 4055 ortu
1125 3991 1202 4072 quod
1223 3988 1392 4073 appellatur
1411 4004 1510 4049 ouancr
1528 4006 1558 4050 aa

397 4091 531 4173 conferre
545 4094 637 4165 iussit.
658 4094 682 4157 S
686 4092 1004 4160 rnrrrunnrruarr
1023 4103 1050 4157 et
1064 4093 1156 4157 Attici.
1541 4086 1544 4091 ’

479 4192 664 4259 Manifestum
678 4207 725 4261 est
743 4198 908 4284 comparari
927 4218 945 4263 a
964 4197 1106 4263 Cicerone
1124 4195 1236 4283 Atticae
1254 4192 1432 4269 insulanum,
1453 4212 1559 4258 eorum

397 4296 447 4379 qui
465 4314 529 4361 non
547 4287 680 4363 ἀστικοὶ
698 4303 728 4366 b.
748 4324 774 4367 e.
794 4303 888 4387 ipsius
908 4302 994 4367 urbis
1009 4302 1190 4366 aduenarum
1210 4306 1325 4374 essem,
1347 4294 1558 4371 conditionem,

397 4398 492 4482 qualis
505 4407 572 4463 aute
587 4400 734 4467 Tlaeseum
749 4405 817 4481 tuit,
834 4417 885 4470 aut
899 4406 992 4471 tuisse
1006 4404 1139 4470 Ciceroni
1159 4400 1323 4477 ridebatur,
1343 4416 1410 4464 nrm
1432 4396 1560 4465 munici-

398 4502 485 4585 pibus
498 4501 655 4578 comnis,
671 4524 799 4587 qnorum
813 4507 888 4573 duae
903 4506 1125 4591 quodammodo
1141 4506 1252 4589 patriae
1267 4510 1380 4577 amnt,
1399 4500 1488 4565 altera
1502 4501 1560 4565 lori

397 4606 486 4669 aitera
500 4604 584 4681 iuris,
597 4604 642 4669 rei
656 4615 690 4669 nt
703 4608 801 4689 pacilio
815 4619 882 4673 ante
895 4610 976 4687 dixit,
990 4612 1079 4675 altera
1091 4618 1213 4675 naturae
1223 4606 1314 4671 altera
1324 4602 1459 4668 ciuitatis.
1485 4602 1561 4667 Nam

398 4702 599 4791 municipibus
621 4708 761 4773 omuibus
783 4718 814 4774 et
836 4712 1030 4797 municipium
1053 4712 1139 4789 uad,
1165 4706 1391 4797 uuusquisque
1413 4705 1560 4805 criasudus
