3792 5609
271 918 422 991 eratspro
437 906 531 991 patria
546 908 613 983 luit,
632 920 663 973 et
675 907 769 973 lionn
783 910 870 985 urbs,
891 910 922 973 in
941 910 1027 973 cuius
1047 908 1191 973 civitatem
1210 910 1321 992 recepti
1341 920 1433 973 erant.

270 1012 371 1094 ltaque
384 1021 506 1093 apparet
519 1011 550 1075 in
564 1012 762 1076 vetustissima
778 1014 998 1077 Atheniensium
1014 1032 1046 1075 re
1061 1013 1177 1095 publica
1190 1012 1362 1076 Ciceronem
1377 1012 1433 1075 sibi

271 1114 366 1179 risum
381 1134 449 1178 esse
464 1115 594 1179 invenire
614 1115 737 1199 aliquid,
757 1116 841 1180 cuius
859 1115 895 1179 ad
916 1116 1020 1178 oriem
1037 1116 1216 1179 athenarum
1236 1116 1341 1179 similis
1360 1114 1434 1179 ratio

272 1228 352 1281 esset
365 1228 453 1301 atque
472 1217 701 1301 municipiorum
721 1221 757 1283 ad
776 1220 881 1283 urbem
895 1220 1037 1292 domama
1057 1218 1198 1301 quidnam
1218 1237 1289 1281 sero
1308 1219 1366 1281 hoc
1384 1217 1433 1285 sit,

272 1320 398 1385 intanta
416 1321 559 1385 librorum
578 1322 798 1404 depravatione,
818 1322 864 1385 rix
883 1322 1063 1403 deprehendi
1083 1342 1173 1403 posse
1192 1320 1320 1390 ridetur,
1341 1322 1433 1403 pluri·

272 1425 372 1508 mique
386 1425 465 1489 iraud
479 1424 570 1489 dubie
584 1424 692 1488 Oreiiio
706 1426 926 1490 assentiendum
941 1425 1121 1491 iudicabunt.
1137 1424 1324 1507 despermum
1336 1426 1433 1488 locum

272 1527 485 1610 pronuntianti.
519 1529 654 1592 dttamen
678 1528 704 1590 si
723 1528 791 1610 quis
810 1538 943 1591 monstra
963 1528 1009 1591 illa
1028 1528 1200 1601 lectionum,
1220 1547 1296 1609 quae
1314 1548 1332 1591 e
1349 1527 1433 1591 libris
1455 1602 1460 1609 ,

273 1640 389 1695 enotata
409 1638 493 1705 sunt,
511 1630 611 1712 paulin
630 1630 796 1711 diligentius
815 1630 1054 1706 consideraverit,
1072 1631 1150 1693 hand
1170 1640 1295 1703 temere,
1316 1630 1432 1712 opinor,

273 1732 339 1797 ilios
354 1734 451 1816 egisse
466 1733 607 1806 censebit,
621 1735 673 1816 qni
687 1734 782 1814 graeci
797 1733 950 1797 cuiusdam
965 1734 1098 1799 vocabuli
1113 1734 1232 1814 vestigia
1248 1734 1278 1797 in
1294 1734 1329 1796 iis
1340 1752 1432 1812 agno-

272 1846 391 1911 verunt,
411 1838 492 1919 quod
511 1856 572 1901 non
591 1837 769 1901 intellectum
789 1858 806 1901 a
823 1836 950 1902 librariis
970 1838 1095 1920 ideoque
1108 1838 1186 1901 narie
1201 1847 1231 1901 et
1244 1837 1432 1919 ‹lepramtum
1452 1846 1470 1897 t

273 1950 304 2003 et
316 1958 385 2003 mam
403 1939 501 2004 latinis
521 1958 596 2021 quae
615 1940 816 2023 sequelmntur
834 1942 984 2006 uocabulis
1004 1942 1193 2004 cortiunctum
1210 1942 1240 2003 in
1255 1939 1349 2001 varias
1364 1960 1433 2020 spe·

274 2040 333 2105 cies
348 2042 457 2124 pariter
472 2060 578 2105 omncs
592 2052 799 2106 naonstrnosas
814 2044 926 2107 abierit„
957 2044 1029 2107 Nam
1046 2042 1126 2124 qnod
1142 2042 1171 2106 in
1191 2042 1340 2125 pinnisque
1354 2040 1435 2105 libris

261 2151 352 2223 ⁴extat
369 2142 619 2227 symphrontidern
637 2154 688 2227 aut
706 2145 936 2227 apmplratr'eiem
952 2154 1000 2208 aut
1021 2144 1276 2227 sinaplroatidem,
1296 2143 1435 2225 ripheari-

274 2246 353 2317 denr,
373 2248 421 2307 nei
429 2244 617 2327 piramidem
631 2247 743 2329 aliaque
758 2266 819 2311 non
834 2248 991 2321 absimilia,
1010 2246 1039 2309 in
1054 2248 1101 2309 his
1116 2245 1262 2327 plerique,
1278 2254 1311 2308 ut
1326 2248 1358 2309 l'.
1374 2246 1435 2307 iia·

274 2346 389 2421 nudus,
415 2346 438 2409 i.
464 2346 656 2421 Camerarius,
680 2348 713 2411 li.
736 2348 875 2423 Ursinus,
901 2371 918 2412 e
942 2348 1157 2413 recentioribus
1183 2358 1282 2411 antem
1308 2347 1436 2427 lgnarra,

275 2448 466 2522 Schuetaius,
481 2450 676 2525 Goerenaina,
691 2449 839 2525 iiandius,
854 2451 1031 2523 Creuaerus,
1050 2450 1184 2513 blosems
1197 2449 1374 2532 piratarum
1387 2458 1437 2511 aut

271 2549 481 2632 phratrinrnnr
494 2552 676 2615 mentionem
691 2552 887 2616 oblitteratam
902 2572 970 2616 esse
986 2552 1187 2626 crediderunt,
1203 2552 1406 2634 scriptumque
1420 2570 1437 2614 a

274 2651 416 2715 Cicerone
430 2653 522 2716 luisse
541 2654 732 2718 coniecerunt
749 2664 801 2718 ant
818 2655 1037 2737 aympdrntores
1051 2656 1236 2717 nantildem
1250 2666 1278 2716 et
1291 2656 1376 2717 trater·
1388 2663 1439 2715 aut

275 2773 348 2817 anae
361 2748 527 2841 φρατρίας
540 2769 627 2819 munt
640 2759 727 2820 iidem
740 2767 768 2819 et
778 2760 871 2829 Arnai,
883 2764 935 2819 aut
947 2756 1037 2819 airnad
1048 2756 1205 2839 planetarea
1219 2757 1306 2819 iidem
1319 2767 1346 2819 et
1357 2758 1442 2819 Attici

277 2866 329 2920 aut
341 2856 430 2921 Snair'
440 2870 527 2922 nont
538 2859 696 2941 phrotorea
709 2860 795 2921 iidem
809 2871 836 2922 et
850 2861 937 2922 Attici
949 2868 1000 2923 aut
1014 2858 1141 2939 denique
1160 2869 1187 2921 et
1204 2878 1276 2922 anae
1286 2858 1440 2942 plenariae

277 2962 353 3022 cives
365 2970 452 3023 arant
465 2961 553 3024 iidem
567 2971 594 3023 et
609 2962 701 3035 Attici,
716 2982 750 3025 en
766 2962 874 3044 quibus
894 2961 1071 3025 coniecturis
1092 2980 1185 3042 quum
1199 2962 1272 3024 aliae
1287 2962 1441 3025 manifesto

278 3060 376 3135 salsae,
390 3062 461 3127 aliae
475 3080 537 3126 non
551 3063 670 3145 quidem
685 3064 905 3145 improbabiles,
920 3064 998 3128 nulla
1013 3074 1111 3127 tannen
1126 3064 1272 3127 eiusmodi
1287 3064 1334 3137 sit,
1348 3072 1380 3127 ut
1390 3084 1440 3124 re·-

278 3182 341 3227 ram
357 3163 507 3229 Ciceronis
522 3185 644 3230 manum
658 3166 824 3230 restitutam
838 3168 956 3242 dixeris,
972 3187 1028 3231 nos
1044 3167 1162 3249 quidem
1178 3185 1257 3230 nuno
1272 3166 1301 3228 in
1316 3166 1362 3227 his
1377 3165 1440 3227 sin·

276 3266 397 3347 quietim
412 3268 613 3333 examinandis
628 3269 779 3333 immorari
793 3271 945 3346 nolumus,
965 3288 1058 3333 unum
1080 3270 1148 3333 illud
1164 3268 1337 3349 accipimus,
1351 3268 1441 3349 phra-

276 3368 399 3434 triarum
418 3390 436 3435 a
454 3370 595 3436 Cicerone
614 3374 796 3437 mentionem
817 3374 922 3437 iactam
941 3392 1102 3454 earumque
1120 3371 1269 3451 antiquam
1294 3370 1440 3433 conditio·

277 3489 346 3535 uem
365 3473 459 3554 qualis
478 3484 546 3537 ante
565 3474 715 3537 Theseum
736 3476 824 3538 luerit
843 3494 911 3538 rum
931 3474 1099 3553 municipiis
1119 3481 1318 3553 comparatam
1339 3472 1439 3533 inisse.

276 3572 435 3656 Scripserit
453 3574 542 3655 igitur
555 3576 658 3639 Cicero
678 3594 740 3638 non
759 3577 879 3656 quidem
899 3576 945 3637 his
967 3575 1039 3657 ipsis
1060 3574 1156 3637 verbis
1175 3582 1304 3636 attamen
1321 3574 1351 3637 in
1365 3574 1441 3638 banc

277 3678 339 3739 iere
356 3678 545 3751 sententiam,
568 3695 656 3758 quam
676 3686 826 3758 postrema
846 3678 1014 3740 coniectura
1034 3676 1192 3757 expraessit:
1215 3686 1242 3739 et
1259 3694 1331 3738 onoc
1346 3674 1442 3758 phro-

175 3842 177 3851 ,
276 3782 353 3841 triae
376 3782 453 3841 cioca
471 3788 558 3841 erunt
580 3780 668 3841 iidem
692 3788 719 3840 et
738 3780 837 3853 Arrio,
860 3788 910 3841 aut
929 3777 1008 3860 quod
1030 3778 1202 3841 Scitne-taius
1222 3778 1394 3859 proposuit:
1416 3790 1444 3839 er

276 3898 348 3943 suae
361 3872 527 3967 φρατρίας
539 3890 625 3943 erant
638 3882 725 3945 iidem
739 3892 766 3943 et
780 3884 873 3945 Attici.
902 3880 989 3956 Quod
1004 3889 1101 3944 autem
1117 3880 1243 3945 Orellius
1258 3881 1368 3955 obiicit,
1382 3900 1443 3946 non

276 3982 412 4066 potuisse
426 3984 572 4066 phratrias
587 3985 815 4049 commemorari
829 3992 996 4067 propterea,
1009 3983 1089 4066 quod
1104 3985 1159 4047 hae
1174 3984 1262 4048 etiam
1278 3996 1350 4067 post
1363 3985 1444 4049 'lhe-

278 4106 364 4151 seum
388 4085 618 4181 peronnseript,
644 4087 810 4170 fuerintque
834 4086 1030 4151 Athenienses
1054 4087 1141 4151 etiam
1166 4098 1232 4163 tum
1258 4106 1319 4151 uon
1345 4088 1445 4153 minus

277 4209 365 4273 quam
380 4199 449 4256 ante
467 4190 537 4255 iilud
556 4200 675 4273 tempus
694 4208 766 4255 suae
785 4192 911 4275 quisque
929 4182 1077 4278 φρατρίᾳ
1096 4190 1251 4274 adscripti,
1271 4193 1380 4257 mirum
1399 4204 1461 4265 est,

277 4313 338 4358 non
353 4293 594 4359 ammadvertisse
607 4293 703 4358 virum
717 4294 937 4371 doctissimum,
956 4294 1034 4358 idem
1049 4295 1118 4359 illud
1133 4306 1342 4377 argumentum
1357 4297 1446 4361 etiarn

278 4406 380 4463 contra
394 4396 489 4480 ipsius
505 4396 703 4462 coniecturam
717 4398 813 4465 valere
826 4408 876 4472 „et
885 4397 1029 4462 &monii
1037 4408 1064 4462 et
1074 4397 1252 4464 hiematuri
1260 4411 1347 4465 eram
1360 4402 1446 4464 iidem

277 4512 306 4564 et
318 4501 445 4565 ltdci“.·
467 4500 657 4583 nequeenim
677 4500 829 4565 desierunt
847 4500 934 4565 etiam
956 4511 1027 4583 post
1041 4501 1191 4567 Theseum
1211 4502 1299 4569 iidem
1314 4513 1345 4568 et
1358 4504 1447 4569 Eleu·

278 4602 347 4681 sinii
366 4611 397 4665 et
415 4602 604 4679 ilhamnusii,
630 4603 691 4667 sire
714 4622 802 4685 quem
827 4604 915 4667 alium
942 4600 1050 4689 δῆμον
1072 4625 1183 4689 ponas,
1209 4616 1239 4669 et
1257 4606 1345 4671 httici
1367 4625 1445 4669 esse.

267 4704 399 4792 ,Quodsi
409 4705 607 4788 phratriarnm
620 4706 802 4770 mentionem
817 4706 854 4769 ab
869 4707 1008 4772 hocloco
1027 4707 1153 4773 alienam
1168 4728 1236 4773 essa
1250 4708 1356 4785 voluit,
1375 4706 1445 4770 illud
