3792 5609
864 827 1066 923 Q

378 1020 457 1083 iilam
482 1018 547 1083 eius
567 1027 683 1101 partem
702 1016 874 1091 defendere,
900 1036 977 1100 quae
997 1027 1045 1081 est
1063 1017 1101 1083 dc
1121 1017 1303 1100 phratiarum
1322 1038 1391 1083 cum
1411 1016 1546 1083 tribubus

381 1132 524 1203 quattuor
548 1122 697 1184 reterihus
722 1120 946 1197 coniunctione,
972 1142 1062 1203 quarn
1088 1122 1210 1205 quidem
1236 1124 1434 1187 Buttmannus
1453 1140 1547 1203 quum

379 1224 463 1287 initio
478 1224 508 1287 in
524 1224 649 1287 ‹loliium
664 1224 763 1287 uocari
778 1244 870 1307 posse
884 1223 1060 1301 iudicasset,
1082 1235 1116 1289 ut
1130 1244 1205 1309 quac
1219 1226 1306 1289 nullis
1321 1226 1379 1290 nisi
1399 1244 1547 1307 pamma·

378 1326 505 1388 ticorum
525 1328 605 1391 haud
625 1346 698 1391 sane
718 1328 858 1409 grarihus
873 1328 1052 1393 testimoniis
1067 1327 1224 1403 niteretur,
1245 1336 1350 1411 postea
1364 1336 1464 1391 tomen
1479 1345 1548 1391 mu·

378 1438 439 1490 tato
459 1428 570 1492 iudicio
589 1431 699 1495 nullam
720 1450 841 1496 causam
862 1451 932 1495 esse
953 1431 1106 1505 intellexit,
1133 1450 1188 1494 cur
1206 1432 1416 1512 grammaticos
1431 1448 1549 1494 errasse

378 1532 547 1597 coloratus.
570 1532 719 1598 Nimirum
735 1535 832 1599 trihus
847 1555 968 1619 quoque
984 1534 1047 1599 illae
1059 1534 1187 1599 duhitari
1201 1552 1264 1597 non
1275 1542 1384 1616 potest,
1401 1532 1472 1615 quin
1486 1550 1549 1596 non

379 1634 474 1718 stirprc
499 1636 596 1720 magis
623 1646 653 1701 et
677 1638 753 1703 ritae
773 1658 881 1721 genere
900 1658 991 1722 quam
1010 1636 1085 1703 loeis
1110 1637 1254 1702 discretae
1273 1636 1390 1702 luerint
1428 1636 1466 1699 Et
1488 1644 1551 1700 erat

378 1759 451 1803 sene
470 1750 548 1807 terra
570 1742 666 1807 httiea
690 1742 758 1826 ipso
780 1743 839 1808 situ
858 1764 893 1809 ac
912 1742 969 1807 soli
993 1750 1099 1806 natura
1118 1739 1149 1804 in
1167 1749 1309 1823 quattuor
1328 1748 1426 1823 partes
1446 1738 1549 1813 divisa,

378 1864 507 1925 quarm
527 1864 600 1922 una,
628 1864 704 1929 quoe
724 1848 795 1910 hele
816 1848 957 1931 appellari
979 1848 1069 1923 solet,
1094 1866 1110 1911 a
1130 1846 1284 1927 hlegaridis
1304 1843 1413 1908 linibus
1433 1842 1469 1907 ad
1489 1842 1549 1925 lly-

379 1958 507 2011 mettum
522 1956 657 2013 montem
672 1960 703 2011 et
717 1951 960 2032 promontorium
972 1951 1123 2015 Zosterem
1139 1950 1310 2033 porrigitur,
1325 1949 1422 2023 altera,
1433 1946 1480 2011 cui
1492 1946 1550 2009 na·

380 2051 470 2114 raliae
485 2069 613 2127 nomen,
632 2072 649 2115 a
664 2052 785 2115 Zostere
798 2062 829 2115 et
843 2053 874 2117 in
889 2054 1014 2117 adverso
1028 2052 1127 2117 littore
1142 2072 1158 2115 a
1173 2052 1327 2135 Cynosura
1342 2049 1550 2134 promontorio

382 2155 420 2217 nd
435 2154 564 2219 Sunium
580 2173 676 2237 usque
691 2155 855 2238 procurrit,
878 2156 976 2231 tertia,
990 2176 1066 2238 quae
1081 2155 1194 2219 hiaeria
1210 2154 1330 2229 dicitur,
1347 2174 1437 2238 supra
1453 2155 1551 2237 Cyno-

383 2277 486 2321 suram
501 2278 519 2322 a
534 2258 687 2323 montibus
700 2258 849 2323 Pentelico
863 2267 894 2321 et
906 2259 1052 2323 Parnetho
1066 2257 1103 2321 ad
1119 2276 1201 2321 neore
1216 2256 1381 2321 Euboicum
1398 2253 1551 2321 descendit

384 2370 414 2425 et
432 2361 561 2443 Oropire
586 2361 696 2427 hnihus
720 2362 908 2436 temrinatur,
935 2370 1040 2444 gurrto
1067 2359 1195 2442 denique
1218 2360 1255 2423 ah
1275 2360 1379 2423 iisdem
1400 2357 1551 2423 montihus

385 2484 490 2528 sersus
508 2466 603 2528 hoton
622 2466 658 2529 ad
678 2466 841 2529 Brilessum
863 2468 923 2529 tero
941 2464 1071 2548 pertinet
1082 2469 1088 2508 ¹
1101 2466 1141 2541 ²).
1176 2463 1286 2526 ilerum
1306 2472 1405 2527 autern
1422 2462 1551 2545 partiunt

384 2585 444 2630 una
458 2585 592 2649 quaeque
607 2577 666 2630 tres
680 2568 817 2631 habetes
833 2567 991 2632 duodecim
1007 2568 1062 2631 illis
1077 2565 1356 2647 urhihus,‹1uarum
1372 2566 1469 2647 praello
1485 2572 1552 2627 ante

383 2669 507 2733 nomina
517 2670 687 2752 posuimus.
709 2671 747 2735 Bt
757 2671 788 2734 in
799 2673 871 2734 hcte
882 2670 1002 2753 quidem
1015 2678 1085 2735 sunt
1096 2668 1247 2753 Cecropia,
1261 2668 1412 2743 Phalerus,
1427 2664 1552 2731 mensis.

384 2774 426 2837 [le
441 2774 598 2857 Cecropia,
617 2793 694 2858 quoe
714 2783 785 2858 post
798 2773 930 2838 Athenae
945 2775 1022 2839 lacta
1038 2782 1121 2847 sunt,
1141 2790 1202 2837 non
1219 2790 1297 2853 opus
1314 2780 1361 2833 est
1375 2789 1454 2834 nunc
1468 2770 1552 2854 plura

385 2876 494 2939 dicere.
516 2876 633 2941 Phaleri
653 2896 765 2942 nomeu
786 2879 943 2943 aPlrnlero
958 2878 1090 2952 ducitur,
1104 2874 1224 2940 Alconis
1240 2874 1313 2949 lilio,
1328 2873 1483 2937 Erechthei
1498 2890 1553 2937 nc·

384 2990 454 3062 pote
466 2986 475 3024 ¹
486 2983 533 3058 ’lt
560 2980 712 3045 coniuncti
732 2991 833 3046 autem
849 2982 879 3045 in
895 3000 988 3047 unam
1004 3000 1071 3045 cum
1087 2978 1238 3044 Phalereis
1250 2977 1397 3041 civitatem
1408 2977 1554 3059 Thymoe-

385 3084 485 3157 tadae,
512 3082 700 3166 Xypeteones
721 3094 751 3148 et
770 3083 945 3149 Piraecnses
970 3085 1062 3151 luisse
1082 3084 1230 3158 videnlur,
1256 3080 1498 3164 quandoquidem
1523 3080 1553 3143 hi

384 3197 527 3270 quattuor
545 3186 633 3251 etiam
652 3198 759 3273 postea
777 3182 998 3276 τετρακῶμων
1016 3188 1139 3254 nornine
1153 3181 1481 3268 conrprolrendehantur
1493 3189 1500 3229 ¹
1513 3186 1553 3262 ἢ).

349 3290 568 3373 rhegutomm
593 3290 624 3355 in
646 3291 702 3356 hac
722 3302 805 3375 praete
824 3293 1037 3377 inoperantium
1057 3291 1232 3357 retentoriaru
1252 3288 1382 3373 aliquam
1402 3294 1556 3351 servarunt

385 3396 500 3460 lahulsc
525 3396 563 3460 de
585 3396 732 3480 llunycho
757 3416 844 3480 rege,
870 3418 888 3461 a
908 3417 969 3481 quo
990 3396 1176 3481 Munychiam
1196 3394 1304 3459 dictam
1325 3392 1553 3477 perhibeam).

317 3582 320 3587 ,
383 3499 533 3565 Eleusinis
550 3499 653 3584 plures
672 3503 793 3585 regulos
813 3502 903 3567 simul
923 3502 1105 3587 imperantes
1124 3500 1254 3584 hpunus
1273 3495 1449 3562 homericus
1469 3513 1554 3559 eom·

383 3613 544 3681 memorat,
569 3606 701 3681 fflcurrr,
727 3606 958 3689 Triptolemum,
983 3606 1129 3683 Dioclem,
1149 3605 1347 3689 Polyaenum,
1365 3600 1555 3681 Eumolpum,

384 3707 554 3772 Dolichum:
577 3708 646 3773 addi
661 3717 761 3793 potest
775 3712 907 3787 Crocon,
921 3732 939 3774 a
954 3729 1015 3793 quo
1032 3710 1121 3774 etiam
1137 3708 1300 3774 Pausaniae
1314 3716 1451 3787 tempore
1465 3694 1555 3788 1(ρό-

385 3829 491 3887 κωνος
501 3803 659 3893 βασίλεια
673 3814 817 3896 appellata
832 3814 895 3889 luit,
910 3813 940 3877 in
956 3814 1085 3879 confinio
1097 3812 1238 3877 Eleusinii
1250 3820 1280 3876 et
1290 3808 1376 3874 httici
1387 3805 1449 3889 agri
1461 3823 1556 3887 propo

386 3904 519 3994 ῥειτοός
530 3909 590 3991 ¹3).
608 3949 651 3963 -
671 3918 754 3993 Quae
774 3916 812 3981 oh
832 3918 922 3982 hetae
940 3916 1052 3982 hirihus
1071 3916 1109 3981 ad
1128 3914 1283 3980 Parnethis
1304 3922 1334 3977 et
1352 3908 1491 3975 Pentelici
1505 3926 1555 3972 ra·

387 4011 468 4076 diets
487 4015 648 4098 porrigitur
665 4019 747 4102 regio
766 4019 970 4085 urhos'hahet
988 4019 1171 4103 Aphidnum,
1191 4017 1353 4091 Deceliam,
1378 4010 1555 4095 Cephisiam.

388 4115 542 4197 hphidme
557 4118 707 4197 Titacunr,
726 4121 855 4187 Deceliae
870 4123 1009 4189 Decelum
1024 4123 1143 4205 regulos
1159 4120 1350 4204 agnoscimus
1364 4116 1444 4200 apud
1460 4114 1555 4177 Hero·

389 4216 494 4280 dotum
514 4218 546 4283 in
566 4221 602 4285 iis
622 4244 697 4305 «puae
716 4226 754 4290 ds
772 4226 898 4291 indicate
913 4226 951 4293 ah
967 4226 1058 4292 altero
1073 4224 1228 4291 Dioscuris
1243 4223 1367 4297 Helena,
1386 4217 1504 4302 prodite
1519 4214 1556 4281 ah

393 4360 407 4368 ἰ
420 4362 425 4368 ι
432 4360 633 4373 omno—-

462 4422 503 4491 ll)
521 4422 594 4477 coel.
610 4424 642 4478 0.
654 4426 764 4483 llueller
780 4430 804 4483 io
817 4431 907 4486 lirseh.
919 4438 948 4485 st
960 4427 1070 4485 Gmberi
1082 4426 1270 4497 uneyetopset.
1283 4432 1344 4479 ten.
1354 4420 1403 4489 Vi,
1419 4436 1443 4490 p.
1455 4416 1506 4471 ttt
1518 4432 1557 4485 sq.

392 4504 479 4561 tenor
492 4506 588 4561 natus
599 4508 629 4576 u,
643 4512 667 4578 t,
678 4528 702 4582 p
714 4512 756 4567 oa.

463 4592 503 4659 13)
521 4594 605 4647 seret.
617 4596 649 4648 etl
660 4596 777 4665 Apelles.
788 4599 868 4653 hired.
879 4598 899 4666 1,
911 4600 954 4655 lid.

462 4679 504 4744 Η)
521 4678 613 4732 Pollux
624 4678 668 4749 lV,
681 4682 739 4736 105.
768 4686 876 4740 Roscida
886 4688 962 4757 corp.
975 4685 1053 4739 inser.
1066 4684 1077 4739 l
1090 4702 1114 4755 p.
1129 4684 1187 4737 tra.

463 4765 504 4832 ¹⁵)
523 4764 671 4835 Ηιηοπιι
681 4783 704 4821 r.
716 4783 742 4822 e.
761 4770 864 4827 hister.
876 4780 938 4828 ton.
948 4772 1029 4842 lV,p.
1043 4770 1075 4826 ld
1087 4770 1141 4840 liip.
1158 4768 1191 4825 ei.
1205 4766 1324 4825 Mueller.
1335 4766 1453 4823 Orcheni.
1462 4778 1487 4834 p.
1496 4760 1556 4817 392.

462 4850 747 4925 ianm-‚tace
1290 4896 1291 4899 γ
