3792 5609
968 754 1030 820 324

420 949 566 1034 quostiam
581 945 786 1030 primigenios,
805 945 855 1029 qni
871 955 1012 1027 tanquam
1027 943 1130 1027 prroari
1151 941 1272 1007 humani
1290 943 1405 1027 generis
1422 937 1588 1030 τριτοπά-

420 1071 516 1137 τυρες
529 1050 757 1136 appellarentur,
777 1048 893 1113 Tellure
912 1068 947 1111 ae·
962 1048 1031 1112 Sole
1045 1055 1210 1130 prognatos
1224 1067 1292 1111 esse
1306 1049 1391 1125 elisit,
1417 1047 1516 1111 Solem
1533 1068 1586 1111 au-

423 1167 482 1218 tent
497 1175 564 1217 esso
578 1153 753 1234 Apollinem.
783 1152 891 1214 llaeoa
908 1150 999 1212 sunto
1015 1150 1197 1212 referuntur¹
1209 1153 1255 1226 ⁸):
1271 1144 1431 1236 πατρῴου
1446 1150 1589 1232 Apollinis

423 1257 534 1320 cultum
545 1253 614 1317 hinc
628 1274 645 1318 a
659 1253 839 1316 Philochoro
854 1251 1012 1335 repetitum
1028 1270 1107 1326 esse,
1121 1251 1189 1315 lieet
1203 1250 1233 1314 in
1247 1252 1299 1327 iis,
1315 1271 1389 1334 quae
1403 1252 1494 1316 relaun
1507 1261 1589 1327 sunt,

423 1378 486 1423 nen
501 1357 696 1442 perscripturus
711 1347 857 1438 legamus,¹
866 1355 912 1417 ris
929 1362 1027 1416 tamen
1042 1352 1168 1416 Arrltitnri
1180 1363 1293 1437 potest,
1308 1374 1401 1438 quum
1415 1356 1590 1439 praesertim

424 1465 505 1528 ilium
534 1471 629 1526 toturn
656 1461 685 1523 in
705 1458 927 1524 Atheniensium
955 1456 1177 1539 antiquitatibus
1201 1466 1352 1522 uersatum
1376 1478 1444 1523 esse
1465 1468 1590 1523 constet

425 1565 644 1644 Quamobrem,
666 1563 723 1626 nisi
745 1563 914 1627 coniectura
935 1561 1021 1635 fallit,
1042 1561 1254 1625 Philochorum
1269 1579 1400 1644 quoque,
1415 1563 1592 1646 scriptorem

424 1689 497 1734 sune
511 1688 573 1732 non
586 1667 747 1740 indoetuur,
764 1668 793 1731 in
807 1668 842 1730 iis
855 1665 1087 1741 numantinus,
1102 1666 1152 1747 qui
1164 1664 1252 1748 patrii
1262 1664 1407 1748 Apollinis
1418 1664 1591 1747 religionem

425 1783 550 1858 propter
564 1772 643 1836 lonis
659 1771 784 1837 salsulam
800 1771 837 1836 ah
852 1769 1081 1834 Atheniensibus
1096 1769 1218 1832 asellam
1234 1789 1301 1832 esse
1315 1780 1469 1852 negarunt

513 1877 598 1942 Attuu
614 1877 748 1940 eiusdem
765 1874 863 1940 iutlieii
882 1875 1094 1936 elocumentum
1118 1873 1195 1937 hauet
1211 1873 1463 1938 cerntemnendum
1477 1893 1495 1938 o
1509 1872 1592 1937 Cieo-

425 2001 500 2046 rone
518 1988 665 2044 serratum
686 1980 839 2044 hahemus.
886 1978 913 2040 is
936 1977 1015 2040 enim
1036 1976 1066 2040 in
1086 1975 1161 2039 lilsro
1182 1975 1269 2039 tertio
1284 1976 1321 2039 de
1336 1985 1441 2040 aalma
1456 1978 1592 2052 Aeonum,

426 2083 477 2148 uhi
494 2083 697 2162 theologorum
713 2083 874 2148 sententias
890 2083 926 2144 Ae
941 2081 998 2144 eliis
1014 2089 1235 2155 corrnueruurat,
1249 2098 1313 2160 cap.
1324 2079 1366 2142 22
1381 2082 1472 2158 §.552
1488 2081 1593 2156 „Vul-

428 2187 524 2250 eani‘
540 2186 635 2267 inquit
655 2185 893 2268 „oontplurest
923 2184 1062 2266 primus
1077 2183 1182 2247 Caelo
1201 2190 1322 2258 natus,
1341 2202 1381 2245 ex
1396 2203 1465 2265 qrro
1480 2191 1516 2246 et
1529 2184 1593 2248 Ali·

429 2307 536 2352 nerua
556 2288 759 2369 Apollinem
780 2305 875 2358 eiuro,
896 2285 998 2350 euius
1018 2285 1052 2348 in
1072 2287 1181 2348 tutela
1203 2285 1359 2348 Athenas
1379 2285 1517 2368 antiqui
1537 2286 1593 2349 hi·

430 2391 558 2454 stou-ici
573 2411 654 2453 esse
669 2391 869 2453 voluerunt.
890 2387 1021 2468 itemque
1035 2407 1100 2470 cap.
1117 2388 1159 2450 23
1175 2390 1203 2464 A.
1219 2389 1277 2450 57:
1293 2389 1514 2471 „Apollinum
1529 2407 1593 2452 nn·

430 2493 665 2576 tiquiosimus
691 2493 735 2566 is,
762 2509 863 2574 quem
884 2491 1004 2571 patullo
1027 2500 1110 2553 anto
1128 2509 1168 2551 ex
1193 2490 1348 2554 Vulcano
1368 2500 1492 2554 natum
1511 2513 1593 2554 esse

429 2596 519 2670 elixi,
541 2594 728 2658 custodem
750 2594 1003 2657 Athenarurn.“
1047 2591 1178 2655 Dubitari
1202 2591 1283 2655 euim
1301 2609 1364 2655 nou
1383 2604 1497 2675 potest,
1523 2595 1595 2677 quain

429 2697 586 2762 cnstmlom
603 2697 682 2760 lutuno
695 2698 888 2770 Athenarum,
904 2695 989 2758 cuius
1005 2695 1034 2758 iu
1051 2696 1139 2757 tutela
1155 2715 1189 2757 ea
1205 2695 1307 2758 ciritae
1322 2704 1412 2770 esset
1428 2714 1490 2760 uon
1505 2696 1593 2759 alium

429 2821 519 2882 epuaut
534 2797 693 2886 πατρῷον
708 2799 835 2881 theologi
851 2798 979 2862 eliserint
989 2803 997 2844 ¹
1009 2801 1050 2876 θ).
1093 2798 1179 2862 lluue
1194 2808 1292 2862 autem
1309 2799 1429 2863 l‘uleuni
1443 2808 1473 2862 et
1485 2799 1594 2862 Aiiuer-

428 2923 480 2966 vae
495 2902 587 2966 lilium
602 2902 727 2965 eundem
744 2903 831 2966 etimu
847 2902 926 2965 lonis
941 2912 1055 2983 patrem
1071 2900 1109 2963 ah
1124 2901 1160 2964 iis
1175 2901 1310 2965 habitum
1325 2921 1390 2965 esse
1405 2921 1510 2984 parum
1527 2921 1593 2965 ere·
1612 2942 1617 2952 -

394 3056 397 3062 .
430 3006 519 3070 elihile
534 3015 589 3081 est,
603 3003 749 3087 siquidem
766 3004 792 3068 is·
808 3005 837 3067 in
853 3005 961 3069 lathulis
976 3003 1100 3087 Pythius
1116 3025 1141 3067 s.
1156 3003 1313 3087 Delphicus
1329 3015 1385 3078 est,
1400 3005 1478 3069 loris
1492 3014 1523 3069 et
1535 3006 1593 3069 La-

430 3121 516 3172 tonae
536 3109 629 3184 tilius,
650 3127 738 3190 quem
760 3107 888 3190 theologi
906 3108 1023 3171 tertium
1043 3108 1210 3190 Apollinem
1224 3119 1431 3185 numeramnt‚
1451 3108 1594 3191 quemad·

429 3213 552 3276 molum
568 3212 671 3276 Cicero
683 3213 788 3275 eoelem
804 3211 869 3277 lusu
885 3213 981 3285 (locet,
996 3229 1092 3294 neque
1106 3230 1195 3276 causa
1210 3213 1267 3276 ulle
1282 3212 1446 3295 prohahilis
1461 3211 1595 3294 exputari

401 3333 405 3342 ’
428 3323 541 3399 protest,
562 3334 616 3379 cur
635 3335 691 3398 peret
713 3315 841 3380 hahntau
861 3315 920 3378 lilio
942 3315 998 3398 ipsi
1020 3315 1100 3378 iilum
1120 3315 1255 3380 onmium
1271 3317 1510 3398 antiquissimum
1521 3316 1593 3380 sul»-

429 3419 594 3496 stituerint,
612 3419 641 3483 in
657 3421 705 3482 tali
721 3419 896 3502 praesertim
913 3419 1024 3493 interula,
1045 3439 1119 3502 quoe
1134 3438 1189 3484 nec
1203 3430 1411 3501 argumentum
1426 3419 1546 3485 haberet
1559 3440 1596 3484 ex

428 3523 637 3607 antiquissimo
658 3534 806 3606 ternpore,
827 3543 882 3586 neu
900 3523 965 3606 ipsa
986 3523 1146 3588 athuorlurn
1167 3524 1288 3606 antiqua
1308 3522 1397 3587 rideri
1413 3525 1508 3588 doctis
1522 3525 1594 3587 viris

430 3638 541 3708 presset.
567 3628 677 3691 unetos
692 3628 771 3691 eninr
787 3627 851 3691 illos
868 3626 1024 3707 theologus
1039 3626 1130 3690 luisse
1143 3638 1173 3690 et
1187 3627 1401 3690 Alexandrinae
1420 3628 1594 3691 eruditionis

430 3729 524 3811 nuptiis
547 3730 725 3806 instructos,
744 3751 836 3814 quum
852 3729 1003 3793 Ciceronis
1025 3739 1087 3793 tum
1104 3731 1229 3794 aliorum
1245 3730 1423 3820 testimoniis
1437 3731 1594 3809 eredimus,

429 3831 543 3894 etiamsi
564 3833 594 3896 in
614 3835 772 3897 traetunlis
792 3834 916 3897 ‹toomm
939 3831 1043 3897 tatutis
1064 3832 1208 3897 rationem
1229 3853 1283 3897 eos
1300 3835 1437 3898 ieiellisse
1451 3834 1593 3899 videmus.

382 3937 415 3990 ¹⁰
432 3933 505 3998 h'aru
520 3935 615 3998 autin
630 3936 770 4000 omnibus
786 3945 836 3999 aut
852 3935 881 3998 iu
895 3935 1044 4018 plerisque
1063 3955 1128 4001 eam
1146 3935 1222 4000 viem
1244 3937 1394 4013 tenebant,
1414 3932 1595 4021 quam'post

430 4036 564 4101 lterateei
593 4038 778 4120 aliorumque
805 4049 937 4102 veterum
964 4038 1050 4121 quasi
1075 4039 1226 4122 praeludia
1251 4039 1437 4105 Euhemerus
1465 4042 1594 4106 maxime

434 4191 569 4202 *4--

502 4277 542 4342 18)
561 4276 589 4329 S.
605 4293 630 4331 v.
647 4273 852 4348 rperouriroprr.
873 4277 929 4331 lton
942 4285 999 4331 eret
1010 4277 1089 4344 igitur
1100 4281 1166 4346 quot
1177 4277 1327 4347 Aluellerus,
1339 4279 1446 4334 liiserv.
1458 4277 1514 4333 Pol.
1527 4296 1593 4333 seer.

433 4376 457 4430 p.
475 4361 491 4413 2
508 4368 560 4414 not.
578 4361 606 4426 2,
629 4363 759 4428 theologos
775 4361 965 4431 Ciuemoienos,
985 4365 1017 4416 ue
1034 4363 1125 4432 quibes
1142 4365 1228 4418 stetim
1239 4367 1350 4432 slieetur,
1366 4383 1440 4435 quun
1451 4366 1594 4436 Apollinem

432 4447 566 4518 πατρῷον
575 4445 704 4500 llioervue
716 4455 743 4500 et
751 4447 856 4501 Vulcani
870 4449 947 4500 tilium
960 4447 1083 4525 legerem,
1096 4449 1128 4502 su
1137 4465 1213 4502 ustum
1222 4467 1237 4502 e
1247 4451 1439 4519 tritopetorihss
1448 4452 1594 4521 respexisse

432 4532 605 4600 suspiceretur
615 4533 697 4584 ninus
708 4541 767 4602 epte
779 4532 920 4602 Apoilinem
932 4534 1036 4586 Aietou.
1071 4533 1136 4588 Nur
1149 4552 1198 4588 nes
1209 4552 1285 4588 esu
1297 4552 1313 4588 e
1324 4535 1531 4604 tritopsterihes,
1547 4539 1593 4590 seu

431 4627 529 4689 petrem
541 4619 629 4671 hornen
640 4618 780 4687 Apollinem
791 4619 884 4671 ‹lieturn
896 4619 1019 4673 vitem

502 4705 542 4770 19)
554 4703 661 4758 inesses
673 4704 759 4775 Lycius
771 4704 803 4757 ue
815 4719 893 4760 mans
911 4704 956 4772 tv,
974 4706 1009 4757 tt
1024 4720 1050 4774 p.
1066 4706 1114 4758 tut
1131 4705 1172 4772 (ll
1191 4707 1279 4772 hoen)
1292 4706 1422 4762 Cieeseeis
1434 4708 1517 4763 leena
1531 4724 1593 4762 ese·

430 4799 544 4860 vertens,
556 4783 713 4866 elpgpytrnr
723 4791 793 4846 Aieit.
