3792 5609
866 859 885 922 ³

295 1045 517 1122 Agamemnone
532 1043 683 1107 interiecto
699 1045 824 1126 patriam
841 1045 1002 1128 reliquisse,
1018 1045 1150 1108 Falerios
1161 1044 1192 1108 in
1204 1045 1285 1108 ltalia
1296 1044 1465 1109 condidisse

295 1153 382 1226 atque
401 1144 524 1206 lunonis
552 1165 636 1208 sacra
661 1147 697 1210 ad
724 1146 896 1226 Argivorum
921 1148 1088 1228 exenrplum
1116 1147 1290 1210 instituisse.
1334 1149 1465 1230 Apparet

296 1245 384 1326 igitur
398 1247 520 1326 Argiuos
541 1248 631 1310 hosce
650 1251 774 1312 colonas
794 1249 901 1332 partim
922 1249 1020 1328 praullo
1040 1259 1107 1310 aute
1126 1249 1235 1330 panim
1255 1259 1325 1330 post
1341 1249 1463 1311 Troiam

294 1367 426 1411 eversam
442 1350 590 1414 eGraeria
607 1351 637 1414 in
647 1351 759 1414 ltaliam
774 1349 924 1433 appulisse
939 1349 1081 1423 creditos3
1096 1349 1186 1413 Siculi
1197 1360 1296 1414 autem
1307 1372 1325 1414 a
1337 1350 1463 1420 nerrrine,

295 1451 376 1530 quod
392 1451 493 1524 sciam,
514 1475 530 1515 e
546 1454 664 1516 Graecia
680 1453 806 1535 repetiti,
822 1451 874 1516 sed
890 1451 958 1514 inde
972 1452 1009 1514 ab
1024 1451 1126 1513 ultima
1142 1461 1235 1514 aetate
1251 1452 1362 1514 ltaliam
1377 1452 1463 1515 inro-

295 1555 386 1616 luisse
397 1555 497 1617 crediti
511 1567 590 1628 sunt,
607 1576 640 1618 es
653 1576 712 1637 quo
725 1557 911 1618 nranilestum
925 1557 966 1625 lit,
982 1554 1046 1616 illos
1057 1563 1144 1621 certe,
1159 1572 1237 1635 ‹puos
1248 1555 1317 1625 dixi,
1333 1555 1463 1634 scripto·

297 1675 343 1717 res
360 1657 389 1718 in
405 1677 437 1718 aa
454 1659 545 1720 luisse
565 1659 723 1728 sententia,
744 1667 776 1721 ut
791 1657 906 1720 Siculos
921 1657 959 1718 ab
974 1656 1089 1736 Argivis
1103 1656 1237 1718 ‹liversos
1252 1657 1345 1719 luisse
1359 1657 1462 1718 crede·

296 1768 370 1832 rent,
387 1759 638 1840 quemadmodum
654 1759 739 1822 etiarn
753 1759 869 1822 Sextius
884 1759 964 1840 aprud
976 1758 1112 1821 Solinum
1124 1760 1258 1830 Sicanos,
1273 1761 1324 1842 qui
1340 1779 1401 1822 non
1416 1759 1464 1824 alii
1522 1757 1530 1772 ⁸

297 1873 366 1926 sunt
381 1881 415 1925 ac
430 1863 530 1934 Siculi,
547 1862 584 1926 ab
601 1863 714 1942 Argitis
730 1861 848 1924 adrenis
863 1861 975 1924 'l’ibure
989 1861 1129 1940 expulsos
1145 1864 1221 1925 lacit
1262 1867 1299 1925 At
1312 1864 1401 1933 enirn,
1417 1864 1464 1925 di-

296 1975 342 2026 rat
357 1965 476 2046 aliquis,
495 1965 567 2028 istas
582 1965 701 2045 quidem
717 1965 753 2026 de
769 1964 868 2027 tlatillo
883 1973 912 2026 et
927 1963 1033 2026 Haleso
1050 1965 1163 2027 tabulas
1178 1985 1266 2027 nerrre
1283 1983 1343 2027 nort
1359 1965 1464 2029 intelli·

297 2067 338 2146 git
354 2067 572 2148 posterioribus
592 2067 712 2128 derrunu
733 2067 918 2146 temporibus
938 2087 955 2129 a
971 2067 1067 2147 putetis
1083 2076 1133 2129 aut
1148 2067 1296 2148 originum
1312 2068 1464 2150 composi·

298 2167 413 2231 toribus
433 2169 515 2230 debas
531 2188 612 2238 esse,
633 2169 762 2249 nihilque
778 2167 855 2230 aliud
870 2188 905 2230 ex
920 2167 963 2228 ris
978 2168 1112 2229 concludi
1127 2168 1249 2237 debere,
1270 2189 1359 2250 eruam
1375 2169 1467 2232 luisse

297 2271 424 2352 aliquam
444 2271 671 2334 Tiburtinorum
697 2279 727 2333 et
746 2271 929 2334 Faliscorum
955 2287 1024 2330 cunr
1044 2269 1157 2349 Argivis
1177 2271 1385 2350 cognationem
1404 2288 1466 2333 non

297 2371 434 2442 dubiam,
455 2391 545 2452 quam
560 2373 611 2454 qui
627 2380 822 2454 agarosrerrat
836 2388 930 2451 neque
946 2379 1044 2431 maren
1059 2371 1154 2451 qualis
1169 2383 1199 2434 et
1213 2372 1292 2434 unde
1306 2385 1372 2434 orta
1386 2382 1467 2434 esset

299 2473 504 2554 intelligerent,
525 2476 589 2537 eius
609 2474 796 2555 explicandae
815 2491 904 2536 causa
924 2471 961 2534 ad
982 2473 1096 2534 tabulas
1116 2473 1177 2535 illas
1197 2475 1403 2554 conlegarum.
1424 2505 1466 2520 -
1487 2482 1505 2532 t

299 2575 401 2637 Potest
419 2595 492 2638 sane
511 2577 569 2638 boc
589 2576 628 2638 ita
647 2595 727 2650 esse3
748 2593 842 2655 noque
863 2585 961 2636 taurea
980 2575 1089 2637 sullieit
1107 2574 1144 2637 ad
1160 2575 1329 2638 Siculorum
1348 2594 1468 2656 igneque

299 2695 366 2738 eum
379 2677 493 2758 Argivis
508 2678 713 2758 cognationem
725 2675 922 2758 probandam,
939 2675 1178 2756 quandoquidem
1194 2677 1394 2739 satisconstat
1404 2697 1465 2740 non

299 2779 380 2840 solos
401 2779 472 2841 olim
488 2779 604 2842 Siculos
624 2795 718 2858 neque
737 2785 881 2858 perpetuo
899 2775 961 2838 illas
977 2777 1112 2858 regiones
1128 2777 1273 2849 tenuisse,
1293 2779 1345 2840 sed
1359 2779 1469 2840 eiectos

300 2881 391 2944 luisse
406 2880 443 2943 ab
460 2880 533 2944 aliis.
577 2878 782 2954 Quamobrem
797 2879 867 2960 quid
883 2888 937 2952 est,
958 2897 1012 2941 cur
1026 2880 1063 2942 ad
1078 2879 1195 2942 Siculos
1209 2881 1310 2962 potius
1325 2899 1414 2960 quam
1431 2879 1468 2942 ad

300 2981 466 3046 Siculorum
487 2999 677 3044 successores
697 2979 773 3043 illam
789 2998 857 3043 cum
872 2978 987 3060 Argivis
1002 2981 1209 3061 cognationem
1224 2983 1284 3045 sire
1298 2982 1467 3045 similitudi·

301 3103 368 3146 near
384 3083 485 3164 stirpis
501 3081 647 3164 pertinere
661 3079 817 3146 dicamus?
861 3083 1001 3164 Apparet,
1022 3083 1140 3165 opinor,
1156 3083 1220 3147 aliis
1233 3093 1263 3147 et
1277 3083 1469 3147 validioribus

301 3185 483 3268 argumentis
503 3204 565 3248 rem
586 3185 730 3266 indigere:
750 3204 826 3267 quae
846 3193 944 3248 autem
964 3204 1055 3266 perro
1075 3207 1092 3250 a
1112 3186 1275 3249 b'iebubrio
1294 3187 1468 3258 allemntur,

302 3289 374 3352 baec
394 3291 454 3351 lere
474 3295 544 3350 sunt
559 3291 598 3366 ι).
642 3286 761 3351 Primos
781 3287 854 3350 Laeti
881 3287 994 3352 incolas
1012 3287 1189 3369 Aborigines
1208 3291 1321 3364 rocari3
1347 3290 1469 3354 eosdem

301 3399 399 3456 autern
414 3409 430 3454 a
445 3390 556 3454 Catum
571 3401 602 3454 et
616 3390 646 3454 C.
662 3389 840 3473 Sempronio
856 3391 952 3454 dictos
966 3411 1033 3454 esse
1048 3392 1192 3465 Achaeos,
1207 3393 1308 3454 inultis
1324 3402 1391 3456 ante
1406 3393 1468 3454 bel·

301 3496 361 3557 lum
378 3491 540 3557 Troianum
555 3493 700 3556 aetatibus
715 3493 951 3576 ePeloponneso
967 3494 1152 3572 adrectos⁴),
1171 3513 1227 3557 nee
1241 3494 1368 3557 dubitari
1379 3513 1470 3575 posse
1556 3495 1564 3508 ’

300 3597 371 3678 quin
398 3596 446 3659 illo
466 3595 660 3678 Aboriginum
687 3597 809 3678 nomine
834 3614 895 3660 non
922 3597 996 3660 alies
1020 3597 1051 3660 hi
1070 3598 1231 3680 scriptores
1250 3597 1468 3678 appellarerint,

301 3719 390 3780 quam
406 3699 531 3764 Siculos.
576 3698 636 3762 Cur
654 3709 753 3762 alutem
772 3700 831 3762 boc
845 3699 972 3762 dubitari
988 3719 1050 3762 non
1064 3699 1176 3781 pessit,
1197 3699 1401 3762 dentonstrare
1415 3719 1469 3762 su·

301 3801 443 3884 persedit,
466 3800 524 3864 nisi
544 3801 603 3864 buc
622 3801 748 3881 pertinet
766 3800 847 3882 quod
867 3821 896 3882 p.
912 3799 947 3862 dl
973 3800 1058 3874 dicit,
1086 3816 1148 3864 uon
1169 3801 1304 3884 potuisse
1323 3821 1341 3864 a
1359 3801 1471 3864 Catone

301 3905 392 3968 scribi
407 3903 436 3967 id
451 3904 530 3986 quod
546 3923 614 3967 eunt
630 3903 786 3986 scripsisse
799 3902 1010 3981 Priscianus⁸)
1025 3913 1158 3978 testatur,
1172 3924 1279 3985 agrum
1293 3923 1384 3986 quem
1398 3905 1469 3968 l’ol·

302 4007 345 4070 sci
359 4007 529 4070 habuerunt
539 4014 734 4089 campestrem
745 4007 859 4088 plerum
872 4006 913 4084 (la.
926 4025 952 4069 e.
964 4008 1149 4088 plerumque)
1161 4007 1357 4089 Aboriginum
1368 4008 1470 4081 tuisse,

302 4109 358 4173 nisi
374 4108 549 4189 Aborigines
564 4109 685 4172 eosdem
700 4117 787 4190 atque
803 4109 919 4172 Siculos
934 4109 1095 4173 statuisset.
1138 4109 1228 4192 Atqui
1246 4110 1338 4173 leuius
1351 4103 1473 4193 guoque

303 4213 401 4276 iudicii
419 4211 563 4276 rationem
584 4211 802 4276 desideramus:
822 4229 891 4276 nam
909 4221 943 4276 ut
962 4211 1160 4276 oonoedamus
1181 4223 1377 4294 campestrem
1397 4211 1473 4276 Latii

303 4323 432 4398 partem,
454 4334 529 4397 quae
549 4325 652 4398 postea
667 4316 842 4380 Volscorum
863 4313 931 4386 luit,
952 4314 1022 4377 olim
1042 4313 1181 4378 astruis
1200 4333 1375 4397 possessam
1395 4335 1472 4390 esse,

302 4419 404 4501 quidni
420 4421 551 4483 statuere
561 4417 633 4481 Cato
649 4417 779 4501 potuerit
791 4417 915 4481 eandem
929 4416 1060 4498 exprdsis
1075 4416 1182 4482 Similis
1193 4417 1371 4500 Aborigines
1385 4417 1473 4482 etiam
1528 4478 1531 4482 .

306 4575 604 4590 *nunno—-

374 4677 448 4746 blla.
460 4677 479 4732 l.
490 4686 518 4732 ct
529 4697 553 4749 p.
565 4680 599 4732 llll
612 4678 673 4744 (79).

371 4767 398 4832 A)
417 4764 522 4834 Dionys.
535 4765 566 4818 A.
579 4765 609 4819 lt.
621 4763 641 4829 l,
656 4764 696 4817 ll.
708 4763 741 4818 cl.
754 4781 776 4818 a.
791 4761 831 4818 tt.

371 4852 398 4926 δ)
416 4849 472 4908 tu.
485 4849 517 4924 V,
529 4867 551 4906 e.
566 4851 607 4906 tt.
617 4851 642 4924 ᾖ.
654 4849 697 4905 65.
711 4858 770 4906 tan.
781 4849 801 4906 t.
812 4865 837 4923 p.
849 4849 909 4907 208.
922 4847 1010 4906 ttsstt.

1042 5071 1091 5080 Δ
