3792 5609
880 793 897 800 ,.
930 704 1006 801 ..tlt
1033 792 1069 799 .-

381 889 446 969 plus
466 889 549 951 haud
569 890 663 952 dubie
678 910 768 971 quam
784 893 814 953 in
830 902 935 955 senatu
949 892 1104 957 valebant?
1124 928 1165 941 ·-
1184 898 1294 978 Atque,
1314 907 1349 961 ut
1363 896 1457 962 dicam
1474 896 1554 981 quod

380 991 486 1063 sentio,
501 991 581 1053 satis
598 991 672 1053 anilii
687 992 829 1057 usitatum
845 996 938 1058 luisse
954 996 1076 1067 ridetur,
1092 1005 1125 1059 ut
1140 998 1165 1060 si
1181 998 1252 1079 quid
1268 1000 1428 1071 incidisset,
1444 1002 1554 1082 dequo

379 1094 526 1173 populum
542 1094 647 1175 rogari
663 1105 823 1175 oporteret,
838 1098 969 1178 primum
985 1100 1143 1163 referretur
1157 1100 1193 1163 de
1207 1121 1240 1164 ca
1257 1122 1289 1164 rc
1303 1104 1334 1166 in
1349 1113 1469 1177 senatu,
1487 1102 1554 1175 dein

379 1197 484 1257 cencio
501 1199 599 1271 lieret,
612 1196 641 1259 in
656 1217 714 1279 qua
730 1199 943 1281 disceptaretur
958 1220 1059 1265 coram
1074 1204 1185 1283 populo
1200 1222 1216 1266 a
1233 1205 1378 1269 variarum
1394 1204 1556 1268 sententia·

379 1316 445 1359 rum
462 1301 645 1364 ausoribus
659 1301 781 1381 eiusque
795 1302 913 1366 animus
927 1304 1139 1386 exploraretur,
1153 1323 1249 1387 nerpre
1265 1318 1363 1371 tannen
1378 1307 1480 1389 populi
1496 1308 1555 1371 sei·

379 1410 443 1463 tussa
458 1406 564 1475 lieret,
586 1404 639 1467 sed
654 1423 761 1467 mrsus
775 1405 812 1467 ad
827 1416 962 1469 senatum
978 1408 1136 1470 referretur
1154 1426 1189 1471 ac
1205 1418 1266 1471 tum
1282 1410 1401 1473 (lenium
1417 1430 1452 1473 ea
1467 1410 1555 1474 liuius

379 1507 561 1570 auctoritato
573 1509 619 1572 les
629 1508 742 1590 popido
751 1508 877 1573 inirenda
887 1520 939 1574 aut
948 1510 1127 1593 antiquando
1139 1522 1364 1593 proponeretur.
1381 1513 1466 1575 llunc
1477 1522 1555 1576 certe

377 1607 421 1669 rei
440 1613 599 1689 gerendae
617 1612 754 1675 ordinem
771 1622 802 1676 et
820 1612 850 1675 in
870 1614 992 1677 lliodori
1013 1614 1058 1677 illa
1079 1615 1258 1693 narratione,
1279 1616 1315 1679 de
1330 1634 1387 1698 qua
1403 1634 1494 1699 supra
1509 1616 1555 1679 di·

379 1719 463 1773 ctum
478 1725 544 1787 est,
568 1716 789 1797 deprehendere
807 1717 879 1779 milri
899 1718 982 1781 uisus
997 1737 1080 1793 sunt,
1100 1728 1129 1780 ct
1147 1719 1176 1782 iu
1193 1738 1228 1781 ea
1243 1738 1318 1801 quae
1332 1728 1379 1782 est
1392 1720 1469 1801 apud
1486 1719 1556 1783 Plu·

381 1815 524 1880 tardrum
553 1820 592 1881 de
617 1819 716 1900 Agidis
740 1820 817 1901 regis
843 1822 1014 1891 rtietravt.
1058 1822 1172 1897 Quodsi
1199 1823 1277 1903 npud
1303 1824 1377 1885 alios
1397 1822 1556 1904 scriptores

332 1928 363 1982 tt
385 1917 478 1981 lartius
499 1922 619 1985 ordinis
639 1924 758 2003 uestigia
778 1941 841 1986 non
860 1934 974 1987 exunt:
998 1944 1094 2007 oeque
1113 1944 1231 2007 semper
1251 1934 1280 1987 et
1299 1925 1468 1987 necessario
1488 1944 1556 1988 eum

384 2021 586 2088 conservatum
605 2046 673 2090 esse
686 2045 859 2103 censemus,
874 2046 971 2110 nequo
990 2046 1059 2090 sero
1080 2028 1240 2109 scriptores
1261 2028 1299 2091 illi
1315 2028 1413 2091 omnia
1429 2047 1556 2111 semper,

384 2145 447 2207 quo
463 2129 601 2211 quidspse
614 2131 706 2193 niodo
721 2140 818 2195 actum
834 2142 927 2200 esset,
944 2150 997 2213 per
1013 2142 1112 2213 partes
1128 2130 1295 2213 singillatim
1312 2131 1368 2195 sim
1383 2134 1556 2215 capronenda

385 2250 458 2293 csse
482 2234 686 2298 credidemnt.
732 2237 769 2299 lli
792 2246 891 2299 morien
914 2237 1002 2299 etiam
1023 2235 1101 2317 apud
1121 2234 1322 2319 'l'lrueydidcm
1343 2236 1372 2299 in
1393 2255 1441 2311 ea,
1468 2256 1556 2319 quom

386 2335 465 2399 libro
480 2340 584 2421 primo
598 2339 745 2415 descrildt,
759 2340 1061 2404 lacedaemoniorum
1078 2340 1234 2414 concione,
1249 2358 1311 2403 non
1326 2340 1418 2421 legem
1433 2340 1469 2403 de
1484 2340 1558 2403 bello

387 2438 471 2511 lerri,
493 2442 549 2504 sed
568 2443 665 2521 rogari
685 2444 891 2505 tantummodo
910 2444 1054 2525 populum
1070 2443 1219 2513 videmus,
1240 2442 1392 2505 laesumnc
1412 2444 1450 2507 nlo
1468 2444 1558 2507 lithe-

389 2542 553 2607 niensilsus
573 2545 679 2607 foedus
698 2546 842 2620 videatur,
861 2562 899 2607 an
918 2563 996 2621 non3
1015 2546 1051 2607 dc
1070 2542 1143 2606 lello
1164 2553 1263 2607 autem
1283 2544 1411 2607 iubendo
1431 2563 1507 2608 nova
1527 2546 1559 2609 in

389 2645 471 2708 aliud
488 2656 609 2727 terripus
623 2647 744 2711 ecelesia
759 2647 906 2711 indicitur.
918 2680 961 2693 -
972 2648 1108 2711 sotiorum
1124 2646 1290 2728 quicunque
1306 2648 1383 2728 apud
1399 2647 1559 2729 scriptores

392 2758 562 2811 cons-omns
582 2749 685 2829 populi
704 2758 988 2823 comsuemorantur,
1011 2750 1072 2811 sire
1091 2748 1251 2812 conciones
1272 2750 1477 2813 tantummodo
1496 2749 1559 2811 siue

390 2850 516 2914 comitia
535 2852 671 2924 luerunt,
690 2851 721 2913 in
742 2852 789 2913 liis
809 2852 925 2914 cuilibet
944 2852 1115 2933 promiscue
1133 2851 1222 2914 rerba
1243 2854 1336 2914 lacere
1354 2850 1473 2915 licuisse
1487 2852 1560 2915 nilril

390 2962 438 3014 est
453 2954 536 3035 quod
551 2955 699 3029 ostendat,
713 2964 743 3017 et
757 2954 783 3017 si
798 2955 849 3036 spii
864 2954 1023 3017 dicentium
1041 2954 1180 3017 disertius
1196 2964 1481 3027 commemorantur,
1503 2956 1559 3017 lios

321 3117 324 3124 ,
391 3065 444 3119 aut
463 3076 563 3139 reges,
581 3067 633 3120 aut
652 3068 819 3131 senatores,
846 3067 897 3121 aut
916 3058 1107 3140 magistratus
1126 3076 1192 3121 esso
1212 3056 1359 3120 ridemus:
1380 3076 1559 3141 quamquam

391 3176 456 3225 non
483 3160 663 3236 dubitamus,
689 3162 940 3243 quemadmodum
969 3160 1025 3222 inm
1051 3178 1142 3242 supra
1166 3160 1276 3223 dietum
1300 3169 1355 3232 est,
1381 3162 1560 3242 quinetiam

391 3264 518 3343 privatis
531 3283 764 3347 nonnunquam,
780 3264 944 3328 cluammodo
960 3284 996 3327 ex
1011 3264 1210 3327 liomoeorum
1227 3262 1332 3326 ordine
1347 3273 1458 3339 essent,
1473 3266 1560 3329 verba

393 3367 492 3432 lacere
515 3387 585 3433 eum
605 3369 687 3432 renis
712 3367 938 3451 roagstratuum
961 3366 1147 3443 licuerit³⁸p
1191 3366 1232 3429 lta
1254 3364 1342 3447 igitur
1360 3384 1452 3447 quum
1471 3367 1561 3431 libera

393 3484 498 3537 essent
521 3470 623 3555 populi
650 3472 798 3553 sutfragia,
822 3472 853 3536 in
878 3470 1066 3535 deliberando
1088 3478 1185 3533 tamen
1205 3479 1234 3533 et
1254 3468 1436 3533 consulendo
1455 3488 1561 3534 corum

448 3701 492 3765 δῖ)
513 3701 600 3770 Capu
617 3702 694 3772 enin,
711 3710 873 3773 posteaquam
886 3703 929 3754 lex
941 3700 1030 3767 Agidis
1042 3700 1074 3753 ad
1087 3708 1201 3754 senatum
1213 3701 1266 3753 lata
1277 3705 1330 3763 est,
1348 3698 1415 3751 inter
1430 3706 1563 3755 senatores

397 3795 483 3839 autera
500 3788 532 3838 de
549 3788 607 3853 lege
623 3806 673 3841 aon
689 3790 820 3855 eosvenit,
840 3788 972 3858 Lysander
987 3788 1097 3855 ephorus
1109 3788 1225 3857 populum
1238 3786 1262 3838 ln
1275 3786 1420 3839 concionem
1432 3796 1562 3857 convocat,

399 3872 425 3923 is
437 3889 486 3941 qua
497 3874 617 3926 eoneioae
629 3884 656 3928 et
663 3876 696 3927 als
705 3876 759 3944 ipso
769 3874 902 3945 Lysandro
913 3880 941 3926 et
952 3890 967 3926 a
977 3872 1150 3927 llaodroclide
1159 3882 1186 3927 et
1193 3872 1312 3939 Agesilao
1321 3873 1431 3941 ephoris,
1443 3879 1493 3926 ets
1503 3888 1564 3941 rege

400 3966 507 4027 atroque
524 3960 602 4011 serlsa
619 3961 682 4014 duat
696 3963 738 4014 rel
755 3962 788 4014 ad
804 3961 955 4013 suadendam
972 3960 1054 4025 legens
1068 3960 1110 4012 vel
1125 3960 1158 4012 ad
1170 3960 1372 4011 dissuadendam:
1392 3958 1497 4027 populns
1514 3960 1564 4025 legi

399 4058 551 4111 tempere
563 4043 633 4097 lavet
649 4048 717 4114 (rap.
735 4046 779 4111 ll)
792 4061 872 4115 neqm
885 4053 968 4098 tannen
980 4059 1046 4096 nunc
1058 4044 1107 4096 lana
1120 4044 1144 4095 ln
1158 4044 1303 4109 sull'ragiuna
1315 4044 1347 4109 lt,
1361 4044 1406 4095 sed
1418 4057 1461 4094 res
1474 4042 1564 4096 lteruna

402 4127 427 4178 ia
440 4135 530 4179 senata
540 4136 671 4196 traetstar,
684 4131 709 4182 in
718 4147 767 4199 qno
775 4132 841 4199 legis
849 4129 991 4183 aduersarii
1000 4130 1150 4198 praevalent
1158 4123 1229 4182 ὅσον
1237 4126 1279 4182 lul
1289 4130 1421 4187 πλείονας
1428 4126 1562 4197 γενέσθαι

401 4206 467 4269 roias
478 4206 757 4285 ἀποψηφισαμένους
767 4211 817 4282 τὴν
827 4210 940 4289 ῥήτραν.

452 4298 496 4358 55)
517 4298 580 4350 lline
591 4299 712 4368 explicari
725 4309 819 4370 potest,
836 4304 902 4371 quod
912 4303 946 4355 als
956 4302 1083 4357 desesiae
1094 4300 1119 4353 io
1132 4299 1257 4353 Timarete.
1269 4315 1293 4367 p.
1306 4296 1353 4349 ltu
1366 4304 1493 4351 mentum
1506 4299 1565 4352 Plu-

402 4384 504 4435 tarehns
520 4398 604 4452 praee.
622 4399 644 4435 r.
657 4401 682 4453 p.
699 4400 754 4451 ger.
769 4402 793 4439 e.
804 4388 821 4439 l
837 4395 864 4440 et
880 4388 979 4442 Gellius
990 4388 1023 4443 N.
1034 4389 1067 4441 A.
1079 4384 1172 4452 xvttl,
1189 4384 1205 4435 ³
1218 4391 1337 4453 repetunt
1348 4384 1380 4435 de
1392 4382 1448 4434 viro
1460 4383 1566 4451 quadarn

402 4469 500 4533 d'qerto
511 4469 609 4538 quiden
621 4470 666 4523 sed
678 4472 788 4524 neribus
800 4472 881 4525 niam
893 4475 1009 4541 probato,
1018 4473 1060 4543 qul
1073 4486 1146 4541 quum
1159 4470 1309 4524 renuntiant
1321 4468 1346 4521 is
1356 4468 1476 4521 concione
1484 4468 1565 4522 disis·

403 4564 452 4620 set,
462 4554 536 4623 eique
548 4555 656 4623 papulas
665 4572 819 4610 assensuros
831 4558 970 4624 videretur,
987 4574 1052 4611 anas
1064 4574 1079 4611 e
1091 4557 1251 4610 senatoribus
1262 4556 1339 4609 nlinaa
1351 4554 1472 4623 quendam
1483 4552 1566 4607 virum

403 4640 484 4693 uisas
495 4641 594 4708 quide·
604 4641 764 4711 etoqaestes
775 4643 821 4695 sed
832 4643 943 4697 aretha
955 4645 1084 4697 meliorem
1096 4642 1200 4697 moden
1212 4640 1362 4695 mundant
1372 4638 1464 4708 populo
1473 4654 1566 4710 propo·

404 4740 465 4778 aere
477 4726 560 4779 inanit.
1242 4762 1246 4771 .
