3792 5609
956 787 1019 852 378

405 995 466 1040 non
485 977 558 1038 adeo
579 976 704 1040 multum
724 975 880 1050 interesse,
900 984 1000 1040 utrum
1021 977 1119 1058 uiginti
1139 977 1316 1058 mgiteutur,
1336 979 1506 1049 anienem,
1522 979 1568 1041 ‘an
1605 971 1608 974 ’

404 1088 462 1141 tres
477 1077 565 1141 unius
580 1077 710 1142 numinis
724 1095 878 1160 personae.
898 1111 941 1124 -
960 1080 1095 1142 Ceterum
1114 1081 1195 1162 quod
1209 1081 1246 1142 ad
1261 1081 1386 1144 Genium
1401 1081 1482 1146 illurn
1498 1080 1568 1144 uni·

404 1180 543 1242 remmom
564 1180 681 1256 attinet,
702 1179 802 1262 negari
822 1199 893 1244 sans
913 1197 976 1244 non
996 1188 1109 1263 potest,
1127 1181 1159 1244 in
1177 1181 1242 1246 eius
1260 1183 1383 1247 notione
1402 1183 1567 1247 definienda

405 1284 564 1346 Varronem
587 1301 650 1346 non
668 1281 739 1348 satis
758 1281 814 1348 sibi
833 1283 934 1366 ipsum
955 1282 1139 1360 constitisse,
1166 1295 1244 1349 uerte
1267 1285 1349 1350 aliter
1367 1306 1432 1350 eam
1453 1286 1484 1349 in
1503 1284 1568 1350 aliis

403 1385 503 1468 operis
523 1386 656 1468 partibus
677 1385 881 1470 proposuisse.
925 1387 1002 1451 Nam
1027 1406 1120 1470 mum
1141 1386 1173 1450 iu
1193 1387 1249 1450 diis
1268 1387 1384 1452 selentia
1402 1389 1484 1452 huno
1500 1408 1569 1453 esse

402 1487 527 1552 Genium
544 1490 676 1566 doceret,
696 1489 745 1573 qui
765 1489 892 1563 inderet,
913 1489 1021 1572 qubus
1041 1490 1136 1564 uellet,
1157 1491 1287 1554 ammam
1306 1491 1492 1569 rationalem,
1511 1492 1569 1555 alio

402 1601 500 1654 tumen
514 1591 580 1656 looo
596 1592 654 1655 uim
670 1591 697 1656 ei
713 1593 815 1657 tribuit
829 1591 964 1658 omnium
978 1613 1079 1658 renum
1095 1593 1317 1676 gignendarum.
1344 1593 1462 1658 Sellium
1476 1613 1570 1676 quum

402 1715 419 1758 a
434 1693 570 1777 populari
584 1695 726 1778 religione
741 1695 987 1779 proficisceretur,
1002 1699 1090 1762 altera
1104 1696 1276 1762 delinitione
1289 1697 1319 1761 iul
1331 1697 1413 1779 quod
1424 1695 1455 1760 in
1465 1695 1570 1780 pupuli

405 1796 545 1880 opinione
564 1807 638 1873 erat,
669 1799 757 1863 latius
780 1801 923 1876 extendit,
947 1801 1037 1864 ultera
1056 1810 1155 1864 autem
1181 1800 1272 1864 artius
1296 1799 1450 1864 contraxit
1493 1799 1569 1863 Nam

408 1901 493 1982 ringo
514 1901 632 1984 uirilem
648 1901 730 1966 Genii
745 1903 781 1966 ab
797 1903 879 1967 initio
894 1903 966 1969 nulli
981 1903 1082 1969 eruliti
1096 1923 1163 1969 esse
1176 1903 1312 1968 sidentur
1325 1903 1384 1967 nisi
1400 1903 1569 1968 lominum:

342 2021 381 2075 2⁶
406 2025 466 2088 spuo
481 2004 563 2069 «lucit
576 2004 667 2070 otium
683 2007 808 2072 llnlustii
824 2007 971 2072 delinitio:
985 2008 1116 2084 „Genius
1130 2017 1176 2072 est
1190 2007 1313 2072 deorum
1329 2007 1405 2072 lilius
1419 2015 1449 2070 et
1463 2025 1570 2089 parens

410 2109 575 2184 lauariuuru,
590 2130 626 2173 en
640 2129 700 2192 quo
716 2110 852 2174 homines
866 2112 1056 2194 gignuntur.“
1086 2112 1118 2176 lul
1133 2111 1222 2194 igitur
1235 2111 1327 2175 Varro
1343 2112 1421 2176 iusto
1436 2110 1524 2175 latius
1539 2109 1570 2173 in

411 2233 515 2276 omnes
534 2233 581 2277 res
603 2213 763 2289 transtulit,
783 2213 940 2296 inquibus
960 2214 1079 2296 quidem
1099 2213 1236 2297 gignendi
1256 2214 1340 2279 notio
1359 2214 1458 2278 locum
1472 2213 1570 2277 habet

409 2317 517 2380 conus
541 2335 633 2400 quum
661 2317 796 2400 populari
816 2317 956 2400 opinione
976 2317 1020 2380 sis
1039 2317 1122 2381 Genii
1140 2318 1219 2381 haud
1239 2317 1327 2381 dubie
1345 2318 1382 2379 al
1402 2316 1570 2380 universam

412 2419 540 2483 hominis
555 2429 700 2496 naturam,
715 2438 824 2502 eorpus
839 2437 901 2483 non
916 2420 1016 2484 minus
1027 2439 1115 2503 quam
1126 2419 1269 2495 animum,
1284 2419 1452 2500 pertineret,
1465 2438 1572 2500 quam·

411 2522 514 2585 obrem
534 2522 622 2586 otiam
637 2530 758 2585 naturae
772 2522 845 2585 deus
865 2523 1009 2586 humanae
1028 2521 1066 2585 ab
1084 2521 1208 2584 lloratio
1227 2521 1348 2596 dicitur,
1367 2522 1475 2596 Varro,
1495 2541 1572 2603 quo-

411 2627 490 2688 niam
506 2624 636 2688 hominis
651 2635 753 2688 natura
768 2624 827 2688 lioo
841 2625 927 2688 lrabot
939 2643 1031 2688 unum
1042 2633 1159 2707 praeter
1169 2632 1298 2689 caeteras
1309 2623 1473 2688 animantes
1485 2642 1573 2706 prae·

411 2726 548 2809 sipunm,
569 2735 602 2790 ut
620 2727 719 2791 aniano
734 2727 868 2791 rationali
883 2727 1013 2811 praedita
1033 2727 1086 2803 sit,
1106 2727 1193 2790 etiam
1213 2725 1299 2790 Genii
1318 2725 1376 2788 uim
1392 2727 1428 2790 aul
1443 2727 1501 2790 lroo
1515 2747 1572 2808 po·

411 2827 574 2902 tissimum,
594 2830 674 2910 quod
694 2829 822 2894 maximo
836 2831 867 2894 in
881 2831 1004 2894 homine
1019 2828 1150 2893 «liniarum
1164 2838 1224 2905 est,
1244 2829 1429 2892 referendam
1444 2849 1511 2893 esse
1525 2829 1572 2892 iu·

409 2929 528 3005 dicarit,
547 2929 686 2995 inductus
701 2933 875 3014 praesertim
892 2934 1072 2997 Graecorum
1087 2932 1274 3014 quorundam
1289 2929 1437 3007 «lontrina,
1458 2932 1496 2994 tle
1515 2949 1574 3013 qua

409 3051 501 3114 supro
522 3032 665 3108 diximus,
685 3035 861 3098 daemonem
880 3057 947 3099 osse
966 3053 1055 3099 suum
1076 3035 1220 3117 cuiusque
1238 3033 1372 3098 manum
1392 3032 1573 3097 rationalem.

411 3134 512 3198 Utrum
543 3145 642 3199 aulem
667 3157 703 3200 ex
728 3137 774 3200 his
799 3138 915 3201 duabus
936 3138 1089 3201 sententiis
1109 3138 1254 3200 seriorem
1275 3144 1325 3199 aut
1345 3134 1572 3216 probabiliorem

411 3238 593 3316 iudinavorit,
613 3239 740 3304 discerni
759 3257 840 3304 nuuc
853 3261 870 3304 a
884 3238 972 3303 nobis
987 3259 1004 3302 e
1017 3239 1119 3323 paucis
1134 3259 1211 3321 quae
1226 3247 1387 3320 supersunt
1401 3235 1575 3301 varroniani
1685 3240 1687 3243 ’

411 3341 510 3424 operis
527 3343 696 3422 fragmentis
711 3361 772 3406 nou
787 3343 860 3408 satis
876 3351 985 3426 potest.
1014 3377 1057 3390 -
1086 3342 1145 3406 sou
1164 3341 1225 3417 ille,
1245 3340 1296 3423 qui
1319 3338 1421 3423 populi
1436 3339 1576 3421 religione

411 3447 539 3510 creditur
554 3444 678 3524 Genius,
694 3453 814 3510 naturae
828 3446 903 3510 deus
918 3447 1079 3522 humanae,
1094 3455 1240 3529 quatenus
1255 3443 1441 3524 siugulomm
1454 3451 1577 3506 naturae

410 3557 538 3633 pramst,
554 3557 694 3631 lanuuium
710 3551 894 3632 singulorum
910 3549 1021 3614 Genius
1037 3547 1158 3625 oolitur3
1172 3556 1318 3630 quatenus
1333 3545 1473 3610 universo
1489 3543 1574 3610 alicui
1649 3577 1654 3585 ·

414 3651 540 3734 pupuilo,
555 3651 690 3733 publicus
704 3664 751 3716 ost
764 3653 807 3716 sol
823 3651 925 3736 populi
940 3651 1071 3727 Genius,
1085 3653 1206 3716 notione
1221 3651 1355 3714 omnium
1371 3651 1402 3714 in
1416 3667 1508 3714 unam
1523 3667 1575 3731 pe·

412 3753 538 3816 noralem
557 3754 642 3836 quasi
661 3755 891 3839 comprehensa:
920 3754 1005 3838 isque
1029 3755 1132 3838 populi
1152 3754 1263 3820 Genius
1282 3773 1389 3819 mrsus
1407 3753 1481 3818 nihil
1497 3751 1576 3816 aliud

412 3875 480 3918 esse
494 3855 648 3934 ridebitur,
663 3875 752 3939 quam
768 3857 881 3940 speeies
896 3859 1052 3942 quaedam,
1066 3866 1127 3931 aul,
1142 3857 1169 3921 si
1183 3857 1230 3921 oui
1244 3857 1304 3920 lroe
1321 3856 1497 3920 uocabulum
1511 3874 1576 3919 ura·

413 3957 457 4038 pis
477 3957 615 4038 plaoebit,
633 3959 780 4023 emanatio
800 3959 974 4024 uniuersalis
993 3959 1070 4023 illius
1090 3959 1189 4035 Genii,
1214 3958 1265 4042 qui
1283 3968 1331 4022 est
1350 3957 1440 4022 totius
1460 3957 1577 4040 generis

414 4059 544 4124 humani.
579 4063 766 4144 Quamquam
785 4061 817 4126 in
836 4062 884 4126 his
905 4062 991 4146 quasi
1010 4061 1151 4144 gradibus
1171 4060 1335 4125 Geuiorum
1359 4059 1576 4143 distinguendis

415 4161 626 4226 aonamtiorom
640 4163 829 4228 subtilitatem
844 4173 896 4229 aut
909 4165 1107 4230 suostantiam
1118 4177 1148 4231 et
1159 4163 1390 4230 consensionem
1400 4163 1431 4228 io
1443 4161 1579 4246 populari

415 4263 555 4346 religiono
568 4281 659 4329 nomo
674 4265 857 4350 expectabit!
868 4272 882 4314 ⁸
892 4269 931 4348 θ)
964 4267 1082 4333 Etrusci
1097 4267 1217 4351 quidem
1232 4284 1325 4348 quum
1340 4265 1468 4330 Genium
1486 4263 1578 4352 illum,

487 4531 544 4601 ltu)
563 4537 680 4590 llartlani
691 4536 809 4605 Capellae
821 4537 953 4592 doetrinae
965 4539 1027 4590 isaeo
1039 4543 1089 4602 est,
1101 4535 1131 4605 ll,
1142 4537 1168 4600 9,
1180 4535 1196 4587 2
1214 4551 1238 4604 p.
1253 4532 1301 4586 tut
1314 4531 1407 4587 Gerena
1431 4533 1580 4602 „Quonim

417 4621 553 4690 salemque
569 4624 726 4692 superiora·
743 4624 846 4676 ‹leorara
864 4622 957 4689 singali
974 4623 1065 4692 quique
1077 4624 1123 4689 (ao.
1141 4636 1176 4674 ea
1188 4617 1395 4672 melissi-ora·
1407 4621 1521 4684 sauro)
1533 4620 1580 4673 ds·

417 4707 533 4760 serviaot
546 4708 606 4770 (uit.
619 4722 688 4776 supr.
702 4715 754 4760 aot.
769 4708 839 4772 llll),
856 4723 889 4760 ea
903 4709 1005 4763 llloran
1015 4708 1121 4761 arlltrio
1133 4706 1289 4770 numque
1300 4701 1422 4756 multata
1434 4712 1462 4757 et
1472 4720 1581 4770 ponemi-

417 4794 452 4847 lis
463 4793 571 4848 oualu
581 4793 685 4864 praesul
695 4800 724 4847 et
734 4793 851 4862 speetalts
863 4795 971 4862 siugulis
981 4792 1132 4849 nortatibus
1144 4788 1241 4843 Geaias
1250 4784 1410 4854 stuvene,
1422 4804 1495 4857 qaeu
1504 4789 1581 4842 stis·
