3792 5609
434 1016 474 1078 tis
490 1017 577 1077 rohos
591 1018 778 1091 rammasse,
793 1025 907 1087 raama.
923 1016 948 1078 si
965 1036 1066 1080 renuo
1082 1016 1179 1079 direro
1194 1015 1341 1091 volumus,
1356 1018 1428 1081 nihil
1443 1018 1500 1081 nisi
1516 1037 1601 1101 repe-

434 1119 544 1182 tiemnt
557 1139 633 1200 quae
647 1121 684 1182 ah
701 1120 948 1202 iliearreperant,
964 1120 1068 1183 ordine
1084 1128 1197 1185 tantum
1213 1129 1243 1184 et
1257 1122 1400 1186 tractandi
1416 1122 1529 1186 ratione
1544 1122 1602 1185 im·

433 1232 557 1285 mutata.
592 1224 674 1286 trem
693 1224 800 1286 eodem
813 1226 930 1287 saeuuio
945 1224 1096 1288 addidisse
1110 1224 1216 1308 ahquid
1230 1227 1267 1288 ad
1279 1244 1378 1289 rerum
1390 1226 1602 1307 Spartanamnr

395 1340 413 1392 s
434 1324 636 1405 cognitionem
656 1328 802 1390 dimndus
815 1338 860 1391 est
876 1327 1002 1392 ioannes
1018 1329 1178 1403 hieursius,
1194 1329 1315 1391 natione
1329 1328 1469 1403 Batauus,
1490 1328 1604 1392 civitate

432 1430 547 1504 banus,
557 1440 587 1491 et
595 1430 747 1493 ioSorana
758 1432 906 1495 amdemia
917 1434 1121 1515 professor³h
1142 1430 1401 1515 itaquumduoitii,
1413 1430 1603 1513 dterorigine

433 1534 508 1595 aiter
519 1531 590 1602 iure,
607 1534 678 1596 tuni
694 1536 844 1617 principes
860 1536 968 1600 iruerint
980 1536 1282 1599 iamdaeruoniorum
1294 1534 1336 1597 rei
1349 1533 1483 1617 partialieae
1494 1535 1604 1598 rectius

434 1636 672 1715 eognosoeadae,
684 1656 742 1699 nos
754 1654 844 1711 nuno
855 1658 948 1720 quum
962 1637 1141 1701 instantibus
1147 1636 1315 1701 iiainieosis
1326 1636 1490 1700 academiae
1501 1658 1604 1701 saecu·

434 1738 548 1801 tantae
561 1740 705 1803 admoniti
720 1741 870 1804 hauomm
885 1742 1072 1805 entditorum
1089 1742 1262 1805 memoriam
1278 1742 1378 1803 animo
1394 1751 1604 1823 repeteremus,

436 1852 526 1923 atquo
538 1842 633 1923 t'ragii
647 1853 678 1905 et
688 1844 807 1908 iteursii
825 1844 965 1909 ihustrata
982 1846 1082 1909 nudtis
1098 1844 1272 1927 magnisque
1287 1844 1398 1908 meritis
1414 1844 1535 1909 uomina
1550 1864 1606 1927 pro
1660 1870 1662 1875 ·

440 1946 607 2008 studiomm
619 1956 794 2011 nostrorum
810 1970 916 2031 genere
931 1970 1002 2033 prae
1017 1950 1121 2013 ceteris
1134 1970 1189 2013 nos
1201 1950 1390 2023 aduerterent,
1406 1968 1468 2011 non
1480 1948 1605 2013 alienum

440 2048 500 2110 hare
517 2058 652 2131 terrqrore
671 2061 701 2113 et
721 2052 811 2115 hrains
829 2054 1001 2136 scriptionis
1021 2054 1145 2118 errnsiiio
1165 2072 1222 2117 nos
1238 2055 1367 2116 [ιιοιιιιοιι
1387 2052 1565 2135 pttharimus,
1582 2052 1608 2116 si

442 2173 476 2214 ea
496 2154 543 2217 dio
564 2173 665 2217 rerum
682 2155 770 2225 orhe,
791 2156 821 2217 ie
841 2177 902 2238 quo
918 2157 989 2221 iiaui
1011 2158 1157 2221 ‹irrrrurdri
1178 2176 1295 2221 sumum
1318 2176 1384 2219 runt
1405 2156 1489 2219 iaude
1504 2156 1609 2221 versati

444 2267 527 2327 statu.
546 2256 711 2320 disserendi
732 2259 883 2321 aratoriam
901 2270 1076 2341 peto-enus.
1115 2261 1246 2323 Ftroruot
1260 2258 1379 2340 quidem
1394 2270 1423 2323 et
1438 2261 1492 2323 hae
1507 2270 1609 2324 nostra

444 2368 474 2421 et
492 2358 628 2441 proxima
648 2368 716 2421 aute
735 2378 792 2421 nos
813 2362 956 2423 mernoria
977 2362 1029 2423 riri
1050 2381 1104 2423 nee
1124 2362 1210 2443 pamt
1231 2380 1284 2425 nee
1304 2362 1491 2425 mediocriter
1508 2364 1550 2427 rol
1571 2364 1608 2426 ah

446 2462 562 2543 ingenio
573 2462 616 2524 rei
631 2462 668 2523 air
683 2462 848 2525 enrditione
862 2463 1007 2533 iostnrrti,
1023 2464 1073 2545 qui
1088 2464 1124 2525 de
1140 2484 1171 2526 n·
1183 2466 1299 2547 puidioa
1310 2464 1609 2530 Lamdaemoniorum

446 2575 661 2649 exposuerunt:
681 2564 852 2646 nerrtiquam
869 2576 968 2629 tamen
984 2586 1087 2629 orrruos
1104 2568 1193 2630 iruius
1208 2578 1306 2651 partes
1320 2569 1392 2631 adeo
1409 2568 1466 2631 iam
1481 2570 1609 2633 iilustra-

448 2678 492 2731 tae
506 2668 596 2731 rideri
610 2678 754 2750 possunt,
770 2677 803 2730 ut
817 2669 888 2731 nihii
902 2669 1030 2751 amphus
1046 2671 1245 2752 quindenium
1263 2680 1361 2734 restet.
1398 2672 1493 2753 htque
1507 2683 1611 2734 nostra

448 2773 593 2854 imprimis
612 2780 707 2835 aetate
725 2782 883 2853 quostquam
904 2790 1045 2853 magnum
1062 2772 1211 2835 Nioimhrii
1233 2772 1382 2853 ingenium
1398 2774 1462 2854 pari
1478 2773 1611 2837 doctrina

447 2878 636 2940 eoniunrtrmr
648 2876 798 2938 iionmrtae
812 2875 953 2938 historiae
964 2894 1069 2937 rroram
1083 2894 1209 2957 prorsus
1221 2876 1321 2937 taciem
1336 2876 1439 2949 induit,
1455 2877 1613 2940 extiterunt

448 2991 549 3063 postea
565 2978 709 3050 nonnulii,
725 2998 792 3040 earne
808 2977 971 3041 Nieiruhrio
986 2979 1063 3042 irarrd
1079 2998 1150 3041 sarae
1165 2980 1367 3061 comparandi,
1383 2980 1432 3061 qui
1448 2980 1533 3045 etiem
1549 2980 1612 3045 eliis

448 3085 551 3147 a'eteris
565 3082 708 3145 historiae
723 3082 856 3163 partilurs
872 3082 960 3144 simili
973 3081 1102 3164 «paredam
1119 3082 1209 3145 modo
1226 3082 1416 3147 retractandis
1428 3082 1537 3163 ingenii
1548 3084 1612 3147 iau·

447 3189 514 3250 aiem
525 3200 555 3249 et
569 3186 627 3269 ipsi
642 3196 828 3267 quaererent:
844 3204 972 3267 quornm
988 3204 1067 3247 unrrs
1082 3184 1251 3266 nuperrime
1265 3186 1303 3248 de
1313 3185 1612 3249 Lacedaemoniorum

449 3310 480 3353 re
497 3290 616 3373 puhiira
635 3288 762 3370 plurirua
781 3288 941 3370 protadit⁸t
963 3306 1038 3350 nora
1059 3288 1135 3351 irarrd
1155 3288 1245 3351 duhie
1259 3298 1287 3352 et
1308 3288 1450 3361 inaudita,
1472 3289 1524 3352 sed
1539 3308 1614 3370 quae

448 3403 558 3461 manera,
580 3402 686 3453 nestro
707 3389 826 3472 quidem
847 3391 971 3463 iudicio,
994 3410 1054 3453 non
1075 3391 1168 3454 audiri
1187 3392 1290 3455 melius
1306 3392 1401 3454 tuerit.
1438 3391 1500 3455 Nos
1516 3400 1613 3454 autem

447 3516 540 3566 arrone,
561 3495 703 3577 queniam
724 3495 823 3557 «arnaria
843 3494 898 3557 ista
918 3494 1085 3557 examinare
1100 3513 1153 3557 nee
1168 3494 1310 3577 torrrporis
1328 3494 1401 3555 ratio
1417 3512 1471 3556 neo
1485 3494 1614 3575 spatham

449 3602 517 3663 iude
539 3598 694 3680 scriptioni
719 3616 895 3661 conoessum
920 3598 1044 3680 patitur.
1076 3616 1168 3661 arnum
1193 3598 1282 3662 nohis
1308 3597 1406 3659 iocum
1430 3598 1615 3661 tractandum

450 3703 646 3787 sumpsimus,
661 3702 711 3785 qui
726 3711 772 3765 ast
786 3701 823 3764 de
833 3700 964 3765 ecelesiis
977 3722 1001 3765 s.
1015 3702 1142 3766 ornatitiis
1155 3700 1465 3771 Lacedaemoniorum,
1482 3717 1542 3764 non
1555 3710 1614 3765 tarn

450 3819 483 3872 ιιι
498 3828 574 3871 nora
589 3808 763 3875 stromateus.
779 3826 868 3889 qumo
882 3816 915 3871 ut
931 3818 1026 3869 retem
1042 3816 1070 3871 et
1085 3828 1101 3871 a
1118 3806 1269 3891 prioriims
1285 3802 1439 3890 proposita
1454 3804 1492 3867 ah
1508 3803 1614 3869 inteut-

453 3913 563 3997 pestira
579 3912 705 3976 uorandi
720 3911 840 3977 iihidiue
854 3911 1000 3977 riudimro
1015 3931 1167 3976 curaremur.

538 4017 599 4078 iaru
624 4017 753 4099 priorum
779 4037 854 4099 qum
877 4018 915 4081 eh
940 4015 1089 4081 historicis
1110 4034 1323 4099 saepenumero
1344 4022 1617 4077 eonrrnemorantur

455 4112 625 4207 ἐκκλησίαι
638 4122 679 4184 rei
693 4120 779 4183 etam
792 4112 943 4208 ἔκκλητοι
956 4117 1022 4183 τῶν
1032 4109 1324 4201 Λακεδαιμονίων,
1340 4117 1396 4180 hos
1408 4114 1510 4199 populi
1522 4135 1615 4199 quos-

456 4224 524 4286 dam
543 4234 705 4286 conuentus
726 4222 817 4287 tuisse
836 4244 941 4288 onmes
957 4225 1054 4287 adime
1068 4244 1084 4287 a
1100 4223 1204 4303 Cragio
1219 4219 1364 4303 usquead
1381 4218 1412 4281 (L
1424 4220 1457 4281 F.
1470 4218 1616 4282 ilermau·

456 4343 528 4389 num
547 4336 739 4398 wusttt‘mni,
764 4345 819 4390 me
842 4328 896 4391 tuit
920 4327 998 4390 inter
1020 4348 1073 4391 eos
1094 4326 1150 4388 nisi
1165 4325 1202 4387 de
1221 4342 1279 4387 una
1298 4322 1425 4403 quadam
1445 4338 1478 4382 re
1496 4336 1558 4382 non
1580 4320 1617 4383 ita
1703 4306 1708 4317 ’

456 4446 562 4508 magna
575 4427 732 4491 dissensio.
764 4428 836 4493 h'am
850 4449 942 4513 quum
958 4430 1019 4493 (hm
1034 4428 1224 4493 eeclesiarum
1240 4422 1478 4509 promeruerint,
1494 4422 1616 4496 sitorum

459 4602 757 4613 -ι-οιοι-«ι....-..,...

525 4688 552 4750 di
569 4688 609 4741 (Ξῖ.
621 4688 640 4741 i.
650 4688 680 4742 V.
689 4690 816 4742 &hm
827 4691 859 4742 de
869 4690 921 4743 vitu
932 4700 961 4745 et
972 4692 1074 4761 seriptis
1086 4691 1121 4744 lo.
1132 4688 1246 4744 hiemii·
1263 4686 1331 4755 luipo.
1346 4681 1494 4740 MDCCXV.

525 4774 552 4839 ⁴)
568 4774 617 4827 05⁰
626 4776 805 4845 ’μνιωᾱοιιο
811 4774 1058 4847 Staaterersarauag
1069 4781 1097 4831 ιιι
1109 4772 1389 4841 armamentorum
1397 4768 1451 4825 md
1457 4770 1540 4823 t'dnm
1548 4764 1578 4823 V
1576 4778 1619 4819 er·-

455 4858 528 4929 sedo,
539 4876 587 4913 rea
599 4859 662 4915 Μ
670 4860 790 4914 Ilea'artrh
800 4860 957 4915 munao.
980 4862 1088 4917 Bredcu
1103 4862 1176 4939 idad.
