3792 5609
909 827 1111 837 m-.--

428 948 530 1011 graeoe
543 927 609 1004 seit,
623 945 719 1009 neque
733 926 857 1008 ignorat,
873 925 902 988 iel
917 927 997 1008 quod
1011 927 1062 990 hie
1074 926 1221 1008 interpres
1236 925 1373 1007 ignorare
1384 925 1509 1003 ridetur,
1525 926 1596 1008 quial

428 1032 573 1113 significet
597 1021 813 1112 ἐπιβατεύειν
835 1020 913 1092 τινί.
960 1029 1106 1094 Nimirum
1131 1022 1348 1112 ἐπιβατεύειν
1363 1029 1437 1092 nihil
1455 1038 1502 1092 est
1519 1030 1596 1095 aliuel
1627 1093 1632 1100 ,

427 1156 516 1220 quam
541 1127 709 1222 iaspidem
733 1119 834 1199 είναιε
861 1125 1030 1220 ἐπιβάτης
1047 1143 1146 1197 autem
1166 1133 1244 1216 apud
1263 1131 1457 1196 Athenienses
1477 1134 1597 1217 proprie
1669 1159 1672 1162 ⁴

426 1239 533 1302 elicitur
551 1238 635 1303 miles
650 1237 831 1314 classiarios,
851 1226 870 1301 ri
885 1231 921 1302 ἐν
933 1231 1064 1324 τριήρει
1077 1229 1336 1322 στρατευόμενος
1349 1230 1408 1300 καί
1421 1231 1467 1324 μὴ
1482 1255 1597 1325 κωπη-

426 1338 534 1406 λατῶν
547 1332 632 1404 άλλά
646 1334 749 1424 μόνον
763 1335 850 1428 πρὸς
862 1335 903 1405 τὸ
916 1335 1090 1422 μάχεσθαι
1106 1334 1313 1428 ἐπιτήδειος,
1335 1341 1465 1405 αἰτῆσαι
1479 1341 1596 1424 llarpo·

428 1444 535 1520 oratio,
551 1445 672 1520 Sullas,
686 1445 881 1529 Etprrrolagus
896 1445 1001 1528 aliique
1016 1445 1099 1509 multi
1113 1463 1190 1528 quos
1205 1463 1441 1509 crimmeruorare
1455 1465 1597 1530 superra-

388 1561 405 1614 t
427 1567 550 1613 mneum
569 1558 624 1612 est
656 1549 732 1613 llinc
746 1542 962 1632 ἐπιβατεύειν
975 1543 1069 1626 νεώς,
1090 1539 1165 1612 cirri
1179 1544 1239 1614 τού
1252 1539 1298 1625 ὥς
1311 1542 1478 1636 ἐπιβάτην
1490 1546 1596 1630 πλεῖν,

427 1653 504 1734 apud
520 1651 719 1734 Phrynichum
735 1651 858 1718 hehheri
880 1671 909 1736 p.
926 1656 977 1730 to,
991 1653 1050 1729 λίς
1070 1644 1285 1735 ἐπιβατεύειν
1298 1644 1359 1716 ἐπί
1372 1649 1438 1716 τῶν
1451 1649 1531 1716 νεῶν
1544 1653 1597 1716 ali·

427 1756 543 1838 quoties
563 1757 641 1838 apud
657 1756 857 1830 herodotum,
877 1748 1092 1839 ἐπιβατεύειν
1104 1749 1173 1819 τινί
1186 1765 1300 1831 autern,
1318 1773 1346 1818 r.
1361 1773 1387 1818 e.
1401 1749 1597 1843 τριηράρχηι,

428 1853 475 1936 ιίς
488 1852 656 1948 ἐπιβάτην
670 1853 934 1948 προστετάχθαι,
949 1858 1035 1922 alicui
1047 1861 1194 1941 praelecto
1207 1857 1289 1921 naris
1301 1867 1441 1940 tanquam
1452 1859 1598 1940 epihatam

429 1962 619 2026 suhiunetum
635 1983 701 2026 esse
717 1981 896 2045 operamque
912 1961 1052 2026 classiarii
1067 1961 1167 2024 militie
1179 1971 1339 2042 praestare.
1359 1961 1426 2024 Non
1435 1962 1532 2042 potuit
1543 1961 1598 2041 igi·

430 2075 478 2128 tar
492 2065 632 2128 llereules
652 2083 715 2128 non
734 2065 892 2146 intelligere
912 2065 981 2148 qnid
997 2064 1052 2128 sihi
1068 2065 1151 2127 vehet
1166 2063 1285 2145 llionp'si
1301 2063 1457 2146 responsio
1473 2057 1598 2147 ἐπεβά-

428 2187 524 2233 τευον
532 2161 744 2246 Κλεισθένει,
760 2167 926 2230 classiarios
938 2167 979 2230 sui
991 2166 1130 2230 Clistheni
1140 2167 1170 2228 h.
1182 2186 1208 2228 e.
1219 2165 1376 2230 Chsthenis
1387 2166 1512 2248 imperia
1524 2166 1598 2230 suh-

430 2271 523 2334 ilites:
546 2289 641 2352 neque
660 2280 773 2332 reteres
792 2271 968 2352 interpretes
987 2271 1024 2333 ele
1038 2289 1104 2331 rera
1119 2269 1262 2332 sententia
1279 2269 1436 2332 rerherum
1452 2269 1599 2350 ambigere

432 2380 575 2455 poterant,
591 2391 679 2456 quam
696 2390 757 2435 non
769 2372 871 2435 slahito
883 2373 954 2454 qrrin
967 2372 1099 2453 plurihus
1110 2371 1206 2434 rerhis
1217 2372 1433 2453 exposuissent
1448 2373 1474 2435 si
1485 2381 1597 2436 tantam

432 2475 608 2557 cuiusquam
628 2475 794 2538 eaecitatem
816 2474 985 2557 praerielere
1004 2473 1183 2557 potuissent,
1202 2482 1236 2537 ut
1255 2475 1360 2537 uehis
1379 2474 1497 2557 quidem
1512 2471 1598 2557 μετά

432 2571 660 2654 Κλεισθένους
678 2569 943 2662 ἐστρατευσάμην
962 2576 1133 2640 admonitus
1151 2575 1232 2638 rerhi
1250 2567 1466 2659 ἐπιβατεύειν
1483 2578 1598 2660 signifi·

433 2680 578 2743 rationem
593 2689 773 2762 agnoseeret.
799 2679 885 2755 Quod
898 2689 997 2742 aretem
1009 2679 1121 2743 aeldunt
1130 2688 1291 2760 strategum
1302 2678 1479 2744 Clisthenem
1495 2681 1598 2758 luisse,

433 2783 547 2847 etiamsi
570 2785 695 2848 tortasse
714 2783 835 2859 laisum,
854 2783 947 2848 multo
963 2792 1062 2846 minen
1076 2781 1177 2846 minus
1190 2782 1324 2864 ineptum
1339 2792 1385 2847 est
1399 2803 1487 2866 quam
1502 2785 1529 2849 si
1543 2804 1599 2849 na·

432 2907 498 2952 rem
512 2888 690 2952 Clisthenem
706 2887 799 2952 luisse
813 2886 965 2951 dixissent.
1006 2885 1217 2968 imperatorem
1233 2885 1353 2966 quidem
1367 2887 1547 2952 Clisthenem
1562 2889 1599 2953 ah

319 3047 324 3055 .
432 2991 660 3055 Atheniensibus
680 3000 808 3056 enatem
831 2989 922 3054 tuisse
942 3008 1048 3071 parum
1068 3005 1141 3052 sane
1160 2987 1309 3051 oreelihile:
1331 2988 1383 3052 seu
1398 2990 1598 3056 trierarchiarn

432 3091 515 3156 ohim
525 3103 671 3170 martum,
686 3104 790 3177 utpote
801 3092 954 3157 lraruinem
966 3092 1151 3176 locupletem,
1164 3093 1230 3176 quis
1242 3091 1348 3174 estqui
1360 3091 1493 3159 ‹luhitetl
1508 3114 1601 3179 quum

432 3197 607 3279 praesertim
626 3205 745 3262 eentum
765 3197 814 3262 illo
828 3211 965 3281 tempore
978 3217 1067 3262 nares
1080 3197 1284 3262 emitterentur
1297 3195 1497 3281 immunisque
1511 3217 1601 3264 uerno

430 3309 521 3365 esset

518 3401 580 3466 lam
601 3402 638 3465 ele
653 3403 798 3467 Cleoerito
818 3411 847 3466 et
862 3402 980 3466 Cinesia
1000 3402 1182 3478 ridebimus,
1205 3403 1256 3485 qui
1275 3417 1305 3468 et
1320 3405 1377 3487 ipsi
1392 3405 1430 3468 ah
1445 3403 1598 3487 ingenioso

433 3505 496 3569 riro
514 3525 550 3568 er
567 3504 739 3569 hominihus
755 3506 889 3569 lunares
906 3508 1164 3569 transformantur.
1204 3505 1355 3588 llanaruru
1369 3525 1396 3571 r.
1415 3509 1497 3572 tarr
1511 3509 1599 3573 Euri·

435 3609 520 3690 pieles
535 3628 552 3673 a
566 3609 697 3691 Dionyso
714 3608 873 3673 eonsilium
887 3607 929 3671 rei
946 3608 1081 3692 puhlieae
1097 3610 1226 3672 salutare
1241 3628 1416 3692 expromere
1428 3610 1541 3686 iussus,

578 3703 618 3790 ei,
634 3711 738 3793 inquit,
750 3705 804 3788 τίς
817 3703 994 3794 πτερώσας
1007 3705 1211 3797 Κλεόκριτον
1224 3704 1372 3801 Κινησίᾳ

578 3805 707 3901 αἴροιεν
721 3800 821 3899 αύραι
836 3806 1001 3896 πελαγίαν
1013 3804 1099 3899 ύπέρ
1112 3808 1239 3894 πλάκα,

437 3913 695 4000 interpellatusque
710 3917 831 4000 Dionysi
846 3917 1076 4000 interrogatione
1162 3971 1173 3993 ,

580 4015 712 4104 γέλοιον
724 4010 765 4084 lte
779 4011 947 4109 perimere,
962 4023 1038 4086 νοῦν
1052 4013 1085 4085 δ’
1100 4010 1170 4102 ἔχει
1184 4011 1274 4100 τίνας

439 4121 535 4204 pergit
548 4121 600 4186 ita:

582 4215 613 4289 εί
627 4226 830 4308 ναυμαχοεῖν,
846 4213 920 4291 αἴτ’
935 4217 1063 4306 ἔχοντες
1077 4216 1195 4303 ὀξίδας

583 4319 728 4411 ῥαίνοιεν
741 4321 776 4405 ἐς
788 4325 831 4393 τά
845 4323 1001 4418 βλέφαρα
1013 4325 1079 4393 τῶν
1092 4319 1256 4394 ἐναντίων.

526 4425 632 4491 llirum
652 4449 724 4494 sane
742 4432 899 4496 eonsilium
914 4432 1082 4515 dignusque
1096 4432 1256 4514 interprete
1270 4429 1379 4494 nodus.
1419 4432 1498 4508 Quia
1514 4433 1602 4517 igitur

442 4527 567 4593 noster?
589 4529 754 4607 „llinime
774 4545 893 4612 rero“‚
915 4535 1024 4620 inquit,
1049 4535 1138 4600 illuel
1160 4534 1341 4598 terendum
1364 4537 1537 4618 estquod
1560 4537 1602 4600 ael

394 4719 397 4726 Δ
442 4630 537 4698 hune
563 4631 680 4700 locum
708 4635 756 4702 ita
782 4637 962 4705 scribunt:
999 4634 1123 4729 φησίν
1148 4624 1222 4702 ὀὖν
1254 4631 1319 4705 ὅτι
1351 4629 1484 4721 εἴτις
1514 4633 1604 4705 άντί

443 4733 595 4827 πτερῶν
619 4731 847 4831 Κλεονρίτρι
872 4735 1072 4834 Κινησίαν
1101 4736 1334 4833 παραβάλοι
1358 4733 1460 4811 ὥστε
1484 4739 1604 4836 φέρε·
