3792 5609
876 902 880 909 .
968 832 1028 930 ιο

412 1027 525 1095 nemini
544 1026 679 1107 ignotum
698 1035 761 1099 eat,
786 1042 849 1088 nou
869 1042 975 1089 omnes
989 1023 1244 1091 Lacedaemonios
1260 1026 1337 1093 iuter
1351 1044 1384 1093 sa
1398 1044 1503 1111 pares,
1523 1026 1578 1093 sed

411 1132 577 1220 permultos
597 1128 745 1194 deteriore
764 1148 856 1212 equam
875 1128 1040 1211 Spartanos
1062 1128 1233 1194 conditione
1248 1131 1357 1207 luisse,
1377 1132 1482 1215 quales
1497 1144 1578 1207 sunt,

412 1238 464 1320 qui
489 1244 593 1319 postea
611 1234 649 1298 alr
668 1233 737 1316 ipso
755 1233 957 1315 Xenophonte
977 1232 1186 1309 nominantur,
1211 1234 1338 1310 helotes,
1362 1237 1579 1312 neodamodes,

411 1338 625 1423 hypmminnes,
649 1337 793 1420 perioeei,
820 1355 949 1419 quonrnr
977 1336 1024 1401 arii
1043 1336 1200 1413 libertatis,
1227 1337 1275 1401 alii
1297 1338 1422 1403 civitatis
1442 1350 1580 1424 expertes

412 1451 511 1517 eraut,
529 1441 577 1505 alii
596 1445 725 1504 tortasse
740 1440 832 1504 rideri
852 1450 984 1523 possunt
1002 1440 1130 1523 aliquam
1146 1440 1270 1505 civitatis
1285 1442 1417 1523 speciem
1432 1443 1581 1521 habuisse,

413 1548 469 1611 sod
488 1545 618 1629 speeiem
641 1554 770 1608 tantum:
794 1562 976 1627 quamquam
997 1544 1034 1607 (le
1054 1544 1110 1607 lrac
1125 1544 1189 1625 ipsa
1204 1543 1277 1607 nihil
1290 1546 1379 1609 uulsis
1394 1556 1581 1629 compertum

412 1659 467 1714 cst.
495 1650 626 1727 Quintus
639 1648 725 1713 locus
739 1657 786 1711 est
800 1648 954 1723 lucioli,
967 1648 998 1724 6,
1012 1648 1067 1713 ld:
1090 1638 1175 1730 ὑμᾶς
1190 1642 1253 1733 γὰρ
1268 1638 1372 1733 ἔγωγε
1383 1638 1495 1713 ἀκούω
1504 1646 1582 1727 τούς

413 1744 723 1837 Λακεδαιμονίοις,
744 1744 820 1816 ὅσοι
838 1745 915 1817 ἐστὶ
933 1746 999 1817 τῶν
1018 1742 1157 1835 ὁμοίων,
1178 1742 1282 1830 ridde
1301 1742 1338 1817 ίκ
1358 1744 1493 1817 παίδων
1506 1748 1582 1818 ale'·

414 1878 513 1923 marr
535 1853 684 1941 pelenda
726 1856 915 1938 Significatur
943 1855 992 1919 lris
1018 1856 1114 1921 serbis
1141 1874 1210 1939 pars
1238 1856 1384 1939 quaedam
1409 1856 1582 1939 disciplinae

413 1962 549 2046 puerilis,
575 1979 669 2043 eaque
694 1960 849 2034 omnibus,
875 1958 1046 2043 quicunque
1066 1958 1098 2023 iu
1116 1958 1258 2023 ilenroeis
1278 1968 1392 2034 meent,
1412 1961 1582 2025 communis

416 2065 509 2130 luisse
534 2064 655 2140 dieitur3
686 2064 738 2128 sed
768 2064 924 2130 llomeees
948 2066 1104 2149 pauciores
1131 2066 1279 2149 quasdem
1306 2062 1463 2146 optimates
1489 2064 1583 2128 luisse

417 2170 573 2234 amaiere
596 2168 703 2232 eirium
728 2169 944 2251 Spartanorum
971 2168 1158 2233 multitudiue
1186 2170 1348 2243 discretos,
1373 2166 1402 2231 id
1424 2186 1495 2231 sere
1522 2186 1584 2231 norr

420 2274 612 2355 significatur.

502 2380 645 2458 Apertum
671 2374 759 2457 igitur
782 2396 850 2440 esse
874 2386 1016 2459 putamus
1042 2377 1073 2440 in
1098 2376 1145 2441 his
1165 2374 1305 2439 omnibus
1323 2374 1397 2440 loeis
1417 2373 1490 2438 nihil
1509 2392 1584 2449 esse,

419 2480 500 2561 quod
514 2479 602 2542 istam
613 2478 651 2541 de
665 2478 808 2541 llonreeis
822 2480 997 2562 opinionem
1008 2480 1205 2563 comprobare
1220 2478 1326 2562 possit
1349 2477 1498 2556 Quidnam
1510 2498 1581 2559 erqo

419 2602 526 2648 causae
545 2582 639 2646 luisse
658 2581 806 2656 dicemus,
832 2601 886 2645 carr
904 2592 1005 2645 tanreu
1023 2602 1055 2646 ea
1076 2583 1178 2664 opinio
1197 2592 1258 2646 tam
1274 2582 1375 2647 multis
1390 2581 1460 2646 viris
1472 2582 1584 2645 doctis·

419 2685 505 2749 sinric
518 2683 686 2768 placuerit?
707 2684 854 2767 Equidem
865 2686 942 2749 duas
958 2704 1064 2749 causas
1079 2686 1207 2767 reperio.
1230 2684 1365 2749 Primum
1375 2704 1410 2749 ax
1421 2685 1585 2761 Aristotele,

420 2788 504 2853 rotie
517 2788 551 2865 V,
568 2788 598 2864 'l,
614 2787 643 2851 3.
660 2789 691 2862 4,
705 2787 850 2851 discimus
865 2788 896 2852 in
912 2788 1024 2871 aliquot
1035 2790 1215 2853 Graecorum
1231 2788 1404 2867 civitatibus,
1419 2808 1494 2873 quae
1510 2808 1585 2871 pau·

421 2912 525 2957 corum
536 2891 662 2975 imperio
672 2901 852 2973 regerentur,
862 2911 925 2969 eos,
936 2892 987 2975 qui
1002 2912 1064 2957 rem
1077 2890 1224 2976 prulrlicanr
1236 2893 1266 2956 in
1278 2902 1424 2976 potestate
1433 2894 1586 2969 lralrerenl,

423 3016 499 3079 apros
514 2996 561 3060 ille
580 2989 616 3059 de
628 2990 677 3082 τῷ
690 2989 912 3079 πολιτεύματι
927 3015 995 3061 esse
1010 2996 1094 3071 dicit,
1116 2995 1202 3059 etiarn
1219 2986 1359 3078 ὁμοίους
1372 3007 1493 3061 rocetos
1509 3016 1586 3070 esse,

421 3109 454 3165 ut
469 3100 520 3183 qui
535 3119 631 3183 aequo
645 3098 724 3163 irrtrr
737 3120 771 3163 se
785 3098 849 3164 iure
865 3110 976 3165 essent.
1004 3100 1206 3183 opponuntur
1220 3099 1268 3165 iria
1285 3090 1318 3164 el
1334 3090 1399 3177 ἔξω
1413 3094 1472 3185 erig
1485 3094 1587 3164 πολι·
1695 3134 1696 3139 1

421 3195 525 3281 τείας,
551 3204 589 3267 de
607 3203 716 3285 quilrus
736 3222 798 3268 nen
817 3203 930 3287 liquide
950 3212 1080 3281 constat,
1101 3202 1198 3267 sintne
1218 3204 1296 3269 circs
1317 3202 1493 3284 intelligendi
1513 3222 1529 3265 a
1545 3202 1587 3266 rei

420 3308 555 3391 publicae
577 3306 699 3390 quidesse
723 3308 980 3373 administratione
1006 3316 1057 3372 aut
1081 3307 1204 3371 omnino
1231 3316 1282 3373 aut
1300 3305 1428 3371 mraxime
1448 3326 1484 3369 ex
1504 3314 1588 3389 parto

420 3410 575 3493 prohibiti,
603 3412 657 3475 sed
675 3412 740 3476 aliis
759 3422 858 3477 tamen
878 3412 993 3477 iuribus
1013 3411 1160 3487 uirilibus,
1180 3411 1260 3477 relut
1280 3430 1356 3495 quae
1377 3410 1414 3474 ad
1434 3428 1588 3474 sacrorum

420 3514 678 3591 communionem,
709 3516 746 3579 ad
772 3516 970 3592 connubium,
999 3514 1213 3580 commercium
1240 3515 1404 3598 similiaque
1429 3512 1588 3597 pertinent,

420 3618 560 3700 praediti,
590 3637 629 3683 an
658 3619 760 3702 potius
790 3620 915 3695 subditi,
947 3620 1048 3703 quales
1079 3622 1200 3684 luerunt
1229 3620 1307 3702 apud
1333 3617 1587 3683 Lacedaemonios

422 3721 560 3804 perioeci.
593 3724 689 3805 litque
706 3722 766 3788 hec
785 3724 811 3787 si
830 3724 986 3798 statuitur,
1006 3723 1198 3787 manifestum
1218 3732 1266 3787 est
1284 3714 1422 3805 drenleve
1436 3722 1511 3785 istos
1526 3740 1588 3787 non

424 3842 492 3887 esse
505 3825 642 3889 ordinem
658 3829 808 3909 quendam
823 3828 931 3892 civium
946 3826 1138 3911 pancionem,
1153 3826 1261 3893 ceteris
1278 3823 1589 3909 civibuseppesitum,

423 3927 478 3991 sed
503 3929 624 3993 eosdem
646 3949 753 3995 omnes
771 3940 802 3995 et
820 3931 901 3997 cirea
922 3940 953 3995 et
972 3920 1109 4013 ὁμοίους
1126 3950 1209 4006 esse,
1233 3930 1390 4013 possitque
1411 3928 1455 3994 sic
1472 3928 1588 3993 Aristo-

426 4031 500 4093 teles
519 4031 662 4097 hocloco
682 4034 779 4118 ipsam
798 4036 1016 4118 Spartanorum
1035 4052 1098 4097 rem
1117 4034 1267 4117 publicam
1288 4034 1318 4097 in
1333 4042 1433 4098 mente
1448 4033 1591 4099 habuisse

425 4132 528 4197 rideri.
554 4134 666 4199 'lamen
677 4138 776 4202 reriua
787 4146 862 4221 puto
877 4138 948 4203 illud
964 4139 1103 4211 alterum,
1119 4138 1200 4219 quod
1216 4136 1241 4201 si
1257 4136 1474 4219 amplectimur,
1493 4138 1589 4199 lateu-

426 4235 499 4298 duru
513 4235 633 4317 quidem
648 4239 738 4304 estin
753 4241 932 4323 quibusdam
948 4240 1115 4305 civitatibus
1132 4260 1201 4315 eos,
1216 4238 1266 4323 qui
1282 4231 1398 4321 ὁμοιοι
1413 4237 1590 4315 dicerentur,

427 4337 585 4420 optimates
600 4344 758 4422 quosdam
782 4344 876 4411 tuisse
901 4362 1028 4409 numero
1053 4342 1229 4427 pauciores,
1260 4344 1313 4406 sed
1341 4342 1448 4425 opibus
1473 4361 1510 4407 ac
1532 4362 1590 4425 po·

345 4495 347 4498 .
426 4449 531 4504 tauta
554 4441 665 4525 reliqua
685 4444 792 4509 eirium
811 4446 1001 4511 multitudiue
1019 4444 1206 4529 superiorem
1230 4463 1333 4509 vuum
1352 4454 1451 4509 temen
1471 4442 1497 4509 si
1523 4446 1590 4527 quis

376 4564 406 4617 tt
427 4560 520 4625 porro
549 4542 593 4607 sic
621 4556 856 4625 argumentetur:
893 4556 1040 4613 constat
1068 4548 1103 4611 irr
1133 4547 1348 4631 quibusdam
1382 4546 1591 4611 civitatibus

426 4644 621 4728 optinentes
656 4640 822 4728 ὁμοίους
852 4650 973 4715 dictes
1007 4670 1100 4714 esse:
1138 4650 1237 4733 atqui
1265 4650 1299 4713 iu
1327 4650 1590 4733 Spartanorum
1660 4678 1663 4684 ·

428 4766 571 4831 queque
595 4748 740 4813 civitate
767 4750 962 4834 optimates
985 4752 1154 4817 extitisse
1175 4752 1331 4817 historia
1354 4753 1472 4817 decet:
1506 4770 1591 4833 ergo

427 4850 665 4935 consequitur
682 4852 865 4937 nosipsos
885 4856 992 4922 etiam
1007 4856 1160 4941 Spartae
1175 4844 1342 4940 ὁμοίους
1355 4856 1479 4922 dictes
1493 4860 1591 4935 esse:¹
