3792 5609
678 756 875 858 „ee-

198 955 228 1011 et
245 945 342 1030 qualia
359 944 492 1009 instituta
511 944 678 1011 Hellanicus
699 952 737 1015 ad
756 950 822 1014 ilios
844 950 921 1014 duos
940 966 1025 1029 reges
1045 948 1175 1012 retulerit
1190 966 1317 1031 prorsus
1331 946 1363 1011 in

199 1051 329 1114 obserere
349 1058 405 1113 est
447 1050 550 1113 Potest
567 1058 602 1113 ut
618 1053 705 1116 etiam
723 1074 812 1135 apros
833 1054 870 1118 ab
886 1053 922 1116 iis
936 1052 1128 1134 aequabiliter
1142 1050 1255 1115 divisos·
1270 1052 1363 1115 tradi·

199 1154 288 1228 derit,
308 1152 396 1236 idque
414 1152 487 1217 milri
510 1173 653 1238 perquam
674 1156 826 1238 probabile
847 1158 977 1231 ridetura
996 1156 1047 1219 sed
1072 1174 1133 1238 quo
1158 1155 1275 1219 laudern
1301 1156 1365 1219 iure

199 1258 269 1322 uiue
288 1256 490 1331 condebatur,
508 1276 577 1321 eum
597 1258 718 1321 alteram
738 1278 843 1323 eorum
863 1260 1040 1323 diuisionem
1056 1260 1093 1321 ab
1108 1258 1242 1340 bpcurgu
1257 1260 1362 1322 laetam

199 1360 364 1441 ignorasse,
379 1378 442 1422 non
456 1359 594 1439 intelligo,
609 1362 848 1443 quandoquidem
860 1364 937 1426 rrulla
947 1381 1036 1427 causa
1048 1362 1245 1424 clenrrrnstrari
1258 1372 1364 1443 pietat,

200 1480 254 1525 cur
268 1472 384 1543 praeter
395 1482 441 1535 ea,
455 1480 530 1543 «puae
544 1463 581 1524 de
596 1463 691 1543 prima
701 1464 914 1528 constitutione
927 1464 970 1527 rei
986 1463 1119 1545 publime
1131 1462 1235 1536 obiter,
1249 1474 1283 1527 ut
1293 1464 1363 1536 disi,

202 1564 341 1637 inseruit,
355 1564 443 1626 etiam
458 1562 576 1643 longius
590 1564 817 1647 exspatiaretur,
836 1576 866 1629 et
879 1585 957 1647 quae
972 1566 1111 1647 deinceps
1126 1565 1300 1647 insequutae
1314 1585 1364 1628 es·

201 1676 267 1729 sent
280 1666 459 1729 mutationes
473 1676 503 1729 et
516 1666 718 1730 restitutiones
731 1677 890 1731 enarraret.
923 1669 1026 1749 ltaque
1040 1666 1120 1730 lruue
1130 1686 1250 1749 quoque
1261 1678 1365 1730 testem

202 1778 236 1831 ut
258 1777 380 1831 nostrae
403 1788 509 1831 musae
533 1786 594 1830 non
615 1769 817 1832 adversantem
840 1769 987 1831 dimittere
1009 1769 1183 1849 poterimus.
1226 1770 1367 1850 Sequitur

203 1870 297 1943 Plato,
317 1870 403 1933 cuius
422 1888 485 1932 non
505 1870 649 1933 absimilis
668 1870 743 1933 ratio
762 1879 817 1933 est.
851 1870 925 1934 llam
940 1872 1028 1953 Legg.
1043 1872 1093 1935 lib.
1106 1872 1143 1935 lll
1165 1891 1195 1953 p.
1207 1872 1280 1943 68⁴,
1295 1871 1366 1933 ciri·

202 1982 297 2035 tatum
321 1972 495 2035 boricarrrm
516 1972 547 2034 in
570 1972 778 2053 Peloponneso
801 1974 971 2036 conditores
996 1974 1093 2037 obiter
1117 1992 1366 2045 cornmcmorans,

203 2077 352 2138 fortunam
368 2092 473 2137 eorum
487 2072 645 2154 praedicat,
659 2073 768 2157 quibus
783 2075 1016 2157 aequabilitatem
1031 2074 1180 2156 quandam
1196 2074 1368 2155 possessio·
1398 2158 1399 2161 Ἴ

203 2196 276 2240 num
296 2177 374 2239 inter
392 2177 470 2238 eires
489 2194 563 2238 suos
581 2176 696 2239 edicere
714 2177 829 2241 licuerit
846 2178 959 2258 absque
978 2176 1132 2241 insidiosis
1153 2176 1260 2240 tabulis
1282 2177 1368 2239 noris

203 2289 255 2344 aut
272 2280 387 2361 legibus
406 2276 545 2359 agrariis,
564 2296 658 2359 quum
677 2280 828 2361 occupatis
847 2299 967 2353 eorum,
988 2299 1065 2361 quos
1081 2279 1262 2353 devicerant,
1283 2279 1368 2342 terris

206 2400 346 2465 agrorum
361 2380 550 2463 aequabiliter
564 2380 838 2445 distribuendorum
852 2383 970 2464 copiam
985 2383 1062 2446 nacti
1076 2392 1185 2445 esseut
1212 2382 1260 2455 tlt,
1277 2380 1370 2463 inquit

207 2485 338 2557 Grotius,
357 2501 419 2546 nun
440 2492 538 2546 tamen
558 2482 630 2546 dicit
648 2484 724 2547 banc
742 2484 977 2565 aequabilitatem
997 2504 1065 2547 mor
1083 2484 1227 2548 turbatam
1243 2504 1319 2557 esse,
1338 2492 1372 2546 ut

206 2587 388 2650 restituenda
403 2584 491 2648 tuerit
504 2584 628 2665 Lycurgi
643 2585 707 2663 lege
720 2587 844 2665 agraria.
882 2586 971 2657 Sanc,
991 2586 1183 2667 respondebit
1199 2586 1289 2659 l’lato,
1309 2604 1370 2647 non

207 2686 267 2749 dixi
281 2688 349 2761 boc,
369 2704 466 2767 neque
484 2686 573 2748 debui
588 2686 698 2761 dicere,
717 2686 810 2749 irurno
830 2686 856 2747 si
871 2686 1026 2759 dixissem,
1042 2686 1159 2767 ineptus
1175 2686 1312 2757 fuissem,
1328 2685 1371 2748 si·

206 2788 327 2870 quidem
345 2789 400 2851 luit
418 2790 491 2851 baec
506 2806 553 2849 res
574 2805 699 2867 qrromus
719 2787 862 2869 planeque
880 2787 1006 2851 consilio
1026 2808 1094 2850 meo
1109 2786 1211 2850 aliena.
1240 2790 1371 2865 Quartus

207 2900 272 2953 esto
286 2890 488 2972 Thucydides,
508 2888 559 2969 qui
573 2888 623 2951 lib.
639 2887 661 2950 1.
676 2907 702 2950 e
715 2889 746 2963 6,
761 2898 919 2970 postquam
934 2889 1021 2961 dixit,
1042 2890 1111 2952 olim
1127 2890 1305 2953 Graecorum
1321 2910 1372 2952 re-

209 3002 304 3057 terunr
324 2994 432 3056 viuum
452 3001 539 3073 atque
558 2990 670 3053 mitum
690 2990 839 3071 aliquanto
859 2991 986 3073 propius
1001 2992 1038 3054 ad
1053 2992 1232 3055 Asianorum
1249 2993 1374 3055 modum
1471 3008 1473 3011 ·

207 3094 378 3167 accessisse,
399 3095 481 3157 addit
495 3092 603 3157 nunus
622 3094 708 3155 baec:
727 3084 848 3177 μετρίᾳ
868 3079 955 3156 d’cri
973 3086 1097 3179 ἐσθῆτι
1117 3088 1177 3157 καὶ
1196 3087 1232 3169 ἐς
1250 3088 1307 3157 τὸν
1319 3088 1375 3155 νῦν

208 3191 336 3279 τρόπον
350 3192 479 3278 πρῶτοι
496 3188 774 3274 Λακεδαιμόνιοι
789 3188 984 3279 ἐχρήσαντο,
1008 3190 1068 3257 καὶ
1082 3188 1117 3270 ἒς
1130 3190 1172 3258 cri
1187 3184 1273 3257 r’r'lio
1287 3190 1376 3274 πρὸς

209 3293 286 3373 τούς
305 3292 449 3373 πολλοὺς
469 3286 503 3358 oi
523 3291 566 3359 roi
584 3288 688 3377 μείζω
702 3289 898 3381 κεκτημένοι
913 3287 1099 3359 iendiersor
1114 3290 1262 3376 μάλιστα
1274 3287 1374 3356 κοτέ-

210 3417 341 3484 orqonr.
379 3398 492 3461 Hocine
514 3398 604 3477 igitur
627 3398 694 3460 loro
718 3398 806 3460 ctiam
830 3414 970 3477 agromm
995 3398 1175 3477 aequabilem
1198 3394 1372 3457 diuisionem

210 3500 440 3564 courmcnrorari
462 3500 601 3563 debuisse
625 3498 817 3581 putabimus?
842 3517 935 3579 quum
961 3498 1132 3578 praesertim
1157 3496 1249 3559 nilrilo
1275 3495 1373 3557 secius

211 3614 308 3665 tamen
323 3604 370 3667 aiii
384 3602 448 3667 aliis
462 3603 583 3666 ditiores
597 3611 649 3664 aut
663 3601 854 3682 pauperiores
868 3620 936 3662 csse
950 3598 1111 3680 potuerint.
1138 3597 1182 3660 b'c
1194 3598 1293 3678 ipsum
1305 3597 1374 3679 qui·

211 3706 280 3767 dem
295 3705 432 3769 brutium
451 3705 522 3767 illud
537 3714 657 3785 putasse
670 3702 858 3776 crediderim,
878 3702 930 3763 sed
945 3700 1053 3763 citasse
1068 3702 1276 3763 tantummodo
1291 3700 1376 3763 ‘ibu-

212 3807 355 3888 cydidem,
372 3826 431 3888 quo
445 3806 547 3887 plures
562 3815 651 3868 testes
666 3805 776 3867 babere
790 3805 936 3867 rideretur
950 3805 1108 3883 lucumque
1122 3802 1281 3867 bdoribus
1296 3805 1376 3867 iace·

213 3918 268 3971 ret.
296 3908 399 3990 Neque
419 3927 488 3971 roro
507 3906 602 3991 quinti
618 3906 716 3983 testis,
736 3906 957 3987 Xenophontis,
977 3905 1126 3969 silentium
1147 3906 1213 3988 plus
1234 3906 1377 3987 ponderis

214 4011 315 4081 babet,
334 4010 479 4093 siquidem
499 4010 598 4073 omnis
616 4009 680 4074 eius
698 4008 812 4073 libellm
831 4008 868 4071 de
886 4028 919 4071 re
939 4008 1055 4089 publica
1073 4008 1376 4072 Lacedaemoniorum

214 4131 277 4177 non
292 4114 432 4185 informa
447 4114 537 4178 buius
551 4114 593 4177 rei
608 4113 742 4196 publicae
753 4112 925 4193 legibusque
940 4110 1142 4175 describendis
1157 4122 1305 4187 versatur,
1324 4111 1377 4175 sed
1394 4126 1431 4180 au

214 4226 330 4282 tantum
344 4216 376 4279 in
390 4216 554 4300 disciplina,
568 4236 657 4298 quam
671 4214 823 4297 Lycurgus
837 4213 993 4276 ordinasse
1008 4214 1196 4278 credebatur.
1227 4214 1308 4279 itane
1323 4214 1379 4295 igi·

216 4329 265 4383 tur
287 4320 453 4384 accuratius
475 4318 675 4402 persequitur,
702 4317 739 4381 ab
758 4316 823 4397 ipsa
842 4315 1029 4396 generatione
1049 4316 1211 4381 libcronrm
1234 4316 1380 4398 incipiens

216 4442 311 4507 usque
325 4426 362 4487 ad
378 4422 594 4506 provectiorum
610 4430 744 4494 aetatem,
758 4418 853 4502 qualis
866 4427 896 4481 et
909 4418 992 4483 domi
1006 4430 1036 4483 et
1050 4420 1168 4485 militiae
1183 4420 1280 4485 luerit
1314 4420 1381 4485 Fuit

217 4538 315 4592 autem
329 4528 432 4592 mdem
447 4526 586 4591 omnbus
601 4536 631 4590 et
644 4524 781 4589 diuitibus
792 4532 821 4586 et
832 4522 1023 4605 pauperibus,
1037 4527 1183 4608 nequead
1194 4514 1380 4608 disciplinam

218 4630 382 4715 quidquam
396 4631 545 4707 interant,
563 4630 769 4713 aeqmbilesna
781 4646 820 4692 an
833 4624 1001 4709 ἰοιοοιιιιω
1016 4646 1157 4711 agrorum
1172 4628 1381 4710 possessiones

218 4734 371 4825 charrqus
385 4735 512 4813 terium,
525 4734 721 4821 quamobrem
735 4732 792 4804 bac
803 4732 841 4796 ds
852 4750 887 4797 ra
900 4730 991 4796 dicia
1005 4730 1203 4818 lienopbonta
1216 4732 1290 4797 nibil
1303 4752 1382 4819 opus
