3792 5609
786 724 846 790 tut

236 910 346 973 testum
365 909 429 974 iteri
449 911 591 987 arbitror,
610 913 667 977 iios
682 914 773 988 duos,
794 914 820 977 si
835 914 923 977 iones
937 912 1066 976 habendi
1087 913 1160 987 siut,
1180 912 1209 975 iri
1230 912 1310 994 quod
1329 910 1402 974 mitri

236 1032 355 1095 quoque
366 1014 564 1077 oenissinrum
579 1026 641 1091 est,
655 1034 718 1079 non
732 1025 831 1080 mosen
846 1018 918 1079 tales
933 1016 1021 1079 iones
1036 1036 1112 1088 esse,
1128 1016 1230 1097 ‹quuies
1245 1014 1402 1077 iiueiierus

238 1116 338 1180 roiuit.
369 1115 471 1193 Quint
494 1118 575 1200 quoti
595 1119 620 1182 is
640 1119 729 1181 etiam
749 1138 850 1182 serim
870 1120 937 1201 ipse
957 1128 1077 1200 qrrrgnm.
1114 1117 1188 1180 Nom
1209 1119 1279 1180 itur.
1302 1116 1402 1179 tomi

237 1238 266 1299 p.
283 1221 325 1283 84
339 1218 519 1282 Troezenios
538 1220 700 1303 utruquitus
715 1221 802 1283 lones
818 1221 912 1284 sitisse
925 1222 1124 1292 eienronstret,
1145 1220 1225 1301 quod
1241 1220 1401 1281 itinerram

235 1320 408 1403 Austuriani
434 1341 503 1385 oum
522 1322 752 1387 Atheniensibus
776 1341 967 1386 eomrrrnnem
995 1322 1165 1384 inbuerint:
1201 1322 1277 1384 inne
1302 1332 1400 1383 nutem

236 1426 408 1508 Austuriani
426 1425 587 1489 Minervam
606 1426 663 1488 oiio
683 1426 765 1510 loeo,
784 1426 822 1487 eie
838 1427 959 1490 Mineru.
980 1426 1042 1488 Pol.
1063 1443 1138 1487 sarr.
1159 1444 1188 1505 p.
1211 1425 1246 1495 2,
1266 1423 1402 1506 priseis

236 1530 340 1593 Atticis
360 1528 479 1594 usserit:
500 1538 579 1593 recte
597 1538 770 1611 utrumquem
788 1529 841 1591 sed
860 1549 953 1611 quoin
975 1528 1064 1611 prisci
1084 1526 1169 1591 nnio
1190 1526 1229 1589 iiii
1250 1528 1324 1600 sint,
1351 1526 1402 1609 qui

237 1634 357 1697 inerunt
380 1642 449 1696 ante
474 1632 565 1696 xorni
585 1632 758 1706 mirentuur,
783 1652 844 1714 quo
865 1633 984 1695 taudem
1005 1632 1068 1693 iure
1087 1630 1173 1693 niuei
1194 1648 1247 1711 per
1266 1628 1399 1692 Xertirum

237 1736 358 1800 eieumm
378 1756 414 1801 ex
433 1735 565 1817 Pelasgis
584 1736 672 1799 iones
692 1737 760 1799 freti
778 1756 846 1799 esse
864 1732 1025 1799 dicuntur?
1044 1768 1086 1779 -
1106 1733 1160 1797 niti
1180 1752 1277 1814 mque
1295 1733 1402 1813 nequer

237 1859 331 1920 genus
347 1839 453 1902 ionurn
467 1860 535 1902 esse
550 1840 726 1911 meluerunt,
741 1838 865 1901 alterurn
880 1858 995 1911 eounu,
1012 1855 1139 1918 equorum
1149 1836 1279 1917 Cerreqrs
1291 1845 1318 1896 et
1330 1836 1404 1897 Ere·

239 1942 364 2005 ehtireus
379 1961 464 2023 reges
479 1941 573 2004 fuisse
587 1941 764 2015 diceremur,
780 1942 903 2004 nltemrn
918 1952 1017 2005 autem
1034 1959 1150 2011 eorrnn,
1166 1938 1217 2020 qui
1233 1948 1303 2019 qserst
1314 1936 1404 1999 xum

238 2046 397 2107 orirentum
417 2044 579 2118 extiterint,
600 2063 676 2125 quos
696 2060 791 2105 noros
812 2044 899 2107 irrues
919 2044 1139 2126 nqqrr·iirrnt⁴¹).
1179 2040 1283 2121 Neque
1303 2040 1332 2103 u
1348 2040 1406 2101 inr-

239 2148 427 2228 proiumium
441 2155 502 2218 est,
522 2148 548 2209 si
567 2146 687 2230 quidem
704 2146 835 2209 Xuthum
856 2157 934 2208 eene
949 2146 1048 2225 ipsum
1064 2145 1166 2207 tererem
1181 2143 1275 2206 tuisse
1290 2143 1406 2205 nolunt.

240 2248 316 2312 Num
335 2268 407 2313 sune
425 2248 516 2330 prisci
535 2249 574 2311 ilii
593 2250 696 2322 lesnes,
716 2249 767 2331 qui
788 2250 922 2311 omnium
943 2248 1030 2329 prirui
1046 2248 1171 2311 Attienm
1187 2245 1347 2309 ineoinisse
1362 2244 1407 2306 ri-

241 2350 361 2425 «torreor,
385 2351 464 2414 irruit
487 2351 579 2414 dubie
601 2352 738 2414 minuitis
764 2350 819 2415 iliis
844 2352 902 2413 sub
922 2350 1022 2413 Xutho
1047 2372 1082 2413 er
1109 2349 1262 2413 Ttressmin
1286 2345 1408 2409 mironis

240 2452 396 2516 iieiienieis
410 2472 472 2517 non
487 2453 607 2535 quidem
623 2453 735 2517 sutorii
751 2463 780 2515 et
795 2453 942 2536 eqquessi,
959 2453 1011 2515 seri
1027 2462 1125 2515 turino
1141 2451 1285 2515 nonnihil
1298 2450 1408 2511 inuuu-

242 2554 293 2617 tuti
308 2564 388 2626 sunt,
407 2554 561 2635 extititque
583 2554 627 2617 sie
641 2554 862 2635 eqrrrsdnmmodo
877 2571 953 2616 nora
969 2554 1074 2616 ionum
1090 2554 1171 2630 nmio
1186 2574 1222 2615 ex
1239 2550 1409 2615 Hellenibus

241 2656 450 2737 retentusque
461 2656 526 2728 iilis,
537 2654 588 2737 qui
601 2656 731 2737 Pelasgis
743 2655 917 2719 amerrseudi
929 2664 1010 2728 sunt,
1023 2658 1163 2718 conflatu:
1174 2665 1204 2718 et
1215 2654 1304 2717 huius
1315 2670 1410 2715 norae

187 2759 190 2767 “
242 2758 373 2822 untionis
393 2759 447 2821 ion
467 2777 633 2841 ononymos
653 2760 748 2823 iactus
768 2770 828 2832 est,
852 2777 915 2823 non
933 2769 1032 2822 nutem
1048 2766 1180 2821 ueterum
1203 2758 1335 2828 illorum,
1358 2754 1410 2837 qui

241 2860 386 2923 latissime
415 2860 485 2923 olim
514 2868 544 2922 et
574 2860 604 2923 iu
627 2860 747 2923 Graecia
772 2870 802 2923 et
825 2860 856 2923 iu
882 2860 951 2924 Asin
979 2862 1162 2935 iruisitnruut,
1189 2870 1219 2922 et
1238 2859 1411 2923 imnetudum
1476 2886 1480 2891 ·

243 2964 330 3027 lones
346 2974 398 3026 eut
412 2962 527 3026 veriore
542 2963 673 3026 norniuis
689 2964 785 3027 formu
799 2963 906 3027 leones
923 2968 1052 3028 tuenrnt.

328 3068 391 3132 inm
406 3087 477 3132 vero
492 3066 760 3131 eiorrroustraudum
775 3076 836 3141 est,
856 3068 936 3150 quod
957 3086 1048 3149 supro
1063 3067 1132 3139 elixi,
1155 3084 1277 3129 onmem
1296 3064 1334 3128 de
1354 3065 1413 3127 lior.

246 3172 318 3236 ione
338 3172 468 3236 saboiam
488 3171 653 3235 recentiore
673 3173 793 3235 domurn
813 3181 907 3235 serare
925 3183 955 3235 et
974 3170 1124 3252 eliquanto
1139 3178 1208 3253 post
1224 3167 1412 3231 itoriensiuur

245 3275 453 3357 migrationem
469 3274 661 3355 coloniasque
674 3273 791 3339 ionicus
806 3274 837 3338 iu
853 3275 954 3338 Asiam
974 3274 1116 3338 (ledentes
1132 3282 1227 3335 ortum
1242 3290 1319 3333 esse.
1345 3269 1412 3333 Pri-

245 3396 330 3441 nium
349 3377 437 3459 igitur
455 3378 514 3441 hoe
531 3378 721 3441 uronifestunr
741 3388 801 3450 est,
825 3386 920 3440 ortem
944 3397 1009 3439 enm
1031 3396 1093 3439 non
1114 3374 1197 3455 florius
1218 3393 1298 3447 esse,
1323 3392 1412 3453 quoru

246 3496 352 3541 ornnes
368 3478 508 3541 Grneeine
523 3480 625 3561 popuii
644 3499 706 3543 ono
721 3480 872 3542 roronmni
892 3479 1045 3539 liettemrm
1062 3476 1184 3540 noruine
1199 3472 1412 3554 eonqueireoiii

248 3580 416 3662 coepissent
425 3587 437 3625 ⁴
447 3584 488 3656 ὃ).
519 3580 621 3662 Neque
634 3582 715 3644 enim
729 3590 797 3643 rote
811 3581 869 3643 hoe
884 3589 1002 3659 ternpus
1019 3578 1079 3639 tieri
1096 3576 1231 3658 putruisse
1246 3574 1412 3645 credemus,

248 3692 282 3745 ut
299 3682 471 3756 existerent,
495 3681 547 3763 qui
571 3701 677 3746 omnes
696 3683 877 3745 Graecorum
895 3679 1044 3751 nationes,
1068 3698 1143 3759 qum
1163 3677 1237 3759 ipsis
1256 3686 1329 3739 tune
1348 3695 1415 3738 esse

248 3784 426 3857 riderentur,
445 3784 613 3858 Dorienses,
631 3784 746 3856 Aeoles,
766 3784 869 3854 lones,
885 3782 922 3844 ab
938 3800 996 3844 uno
1011 3780 1162 3843 corunumi
1178 3780 1270 3861 stirpe
1286 3779 1415 3842 liellenis

248 3894 422 3968 repeterent
451 3884 699 3967 Antiquissimum
713 3892 811 3948 eutem
826 3884 916 3948 huius
931 3882 1022 3947 studii
1037 3882 1294 3947 documentorum
1308 3882 1417 3945 Hesio·
1449 3930 1450 3933 η

250 3990 307 4053 deo
321 3988 453 4072 «quodem
467 3989 599 4052 carmine
613 4006 676 4052 noo
691 3997 768 4051 certe
782 3996 851 4052 rute
865 3986 996 4050 medium
1013 3986 1061 4049 tlt
1076 4006 1103 4049 e.
1116 3986 1148 4050 Γ.
1166 3986 1317 4049 saeculum
1332 4004 1418 4048 eom·

250 4092 350 4177 posito
365 4101 515 4157 serratum
528 4092 673 4157 hebemus
696 4088 1151 4169 ⁴⁰),ubiileileoisirlii1iorun
1166 4090 1296 4164 Xuthus,
1311 4086 1419 4153 nouus

321 4395 364 4460 tq
382 4394 509 4449 (teriori.
526 4393 634 4465 Myrtoi.
645 4392 656 4448 1
668 4392 743 4463 quio.
759 4392 782 4447 ΙΙ
792 4410 818 4463 p.
829 4392 886 4457 105,
908 4406 1055 4461 qumquem
1072 4392 1137 4445 ione
1153 4390 1179 4445 in
1191 4388 1296 4457 eeoerir,
1312 4388 1423 4462 quesibi
1453 4435 1455 4439 .

255 4480 426 4553 proferentur,
439 4481 509 4551 requi
521 4498 570 4535 nor
582 4496 693 4552 meren.

291 4582 294 4587 ·
324 4570 366 4635 ii)
385 4568 625 4622 Animirertemst
635 4568 683 4621 tre
694 4567 743 4621 irin
754 4566 806 4620 sut.
827 4564 885 4621 Vni.
897 4564 1037 4619 Ctimeni.
1049 4565 1066 4619 Ι.
1079 4581 1103 4635 p.
1116 4565 1158 4619 45.

323 4656 366 4722 ts)
384 4656 457 4727 Apso
465 4655 556 4710 Trete.
566 4656 599 4710 si
607 4654 732 4725 Lqeepbr.
743 4668 768 4709 r.
777 4653 836 4709 est.
848 4653 887 4708 us
898 4660 985 4708 estete
996 4652 1115 4709 reminis
1125 4652 1245 4708 usuam
1257 4652 1309 4707 vii.
1322 4647 1424 4707 Νυνὶ·

256 4744 369 4800 κδοΙοΙ.
380 4742 483 4816 iiertot.
494 4742 526 4798 ir.
537 4758 564 4815 p.
575 4741 632 4798 136.

1156 4828 1218 4894 11*
