3792 5609
848 819 908 882 193

294 1025 369 1088 quae
387 1005 486 1070 acihuc
499 1025 516 1070 a
529 1005 668 1070 liueiicro
686 1007 797 1090 prolata
812 1017 896 1084 sunt,
916 1009 968 1091 qui
984 1007 1102 1090 quiriani
1117 1008 1193 1072 hanc
1208 1007 1320 1070 erroris
1336 1023 1457 1069 causam

294 1108 385 1172 tuisse
405 1109 553 1193 opinatur,
573 1111 652 1194 puori
667 1131 759 1193 quum
775 1113 805 1175 in
821 1112 963 1176 Draconis
978 1112 1091 1196 legiirus
1107 1109 1344 1196 frequentissima
1358 1109 1456 1191 Ephe·

294 1223 388 1276 rarum
404 1214 516 1277 mentio
532 1217 627 1290 lieret,
648 1225 805 1298 propterca
819 1216 1004 1280 coniecturae
1018 1217 1102 1280 iocus
1117 1215 1201 1279 clatus
1218 1215 1271 1290 sit,
1289 1225 1323 1276 ut
1338 1211 1455 1276 institu-

294 1316 405 1379 tionem
425 1317 513 1380 huius
528 1319 641 1399 collegii
656 1318 781 1382 Draconi
796 1319 967 1384 tribuerent.
1001 1319 1094 1394 Quasi
1110 1338 1179 1382 reru
1195 1319 1332 1400 cuiquam
1348 1316 1455 1379 urinum

295 1419 384 1482 ricicri
405 1419 548 1502 potuerit,
569 1419 621 1502 qui
641 1421 678 1483 cic
698 1414 810 1498 δίκαις
828 1424 985 1509 φονικαῖς
1003 1422 1082 1503 iuges
1102 1422 1204 1492 icrrct,
1223 1438 1292 1484 cunr
1312 1419 1399 1482 ctiam
1420 1417 1456 1480 δι

186 1610 187 1615 ¹
294 1519 439 1584 iuriielhus
454 1521 625 1604 irecpuentcr
638 1523 719 1605 iocpri
733 1523 918 1606 oportuisse,
936 1523 1000 1586 sire
1015 1523 1044 1586 iri
1059 1523 1096 1586 alr
1112 1523 1178 1605 ipso
1194 1521 1314 1585 clerrrum
1331 1519 1454 1584 instituti

186 1668 187 1679 ι
294 1633 394 1686 esseut
413 1624 475 1687 sire
493 1625 606 1689 durium
626 1626 657 1690 iu
675 1645 708 1690 re
727 1627 842 1710 puiriica
857 1625 992 1690 luissent.
1013 1659 1055 1672 -
1075 1627 1125 1698 At,
1146 1625 1253 1706 inquit,
1274 1623 1377 1686 Pollux
1394 1623 1456 1704 ipse

294 1725 422 1806 Ephorus
448 1719 483 1789 ἐν
507 1729 578 1804 τοῖς
597 1721 696 1792 πέντε
715 1722 945 1816 δικαστηρίοις
964 1729 1110 1792 iuriicasse
1130 1735 1243 1788 namt:
1269 1735 1339 1788 sunt
1359 1735 1455 1788 autem

294 1825 367 1888 iraee
380 1821 420 1890 τδ
435 1821 496 1892 ἐπὶ
510 1824 717 1916 Ποιτανιίῳ,
736 1827 776 1896 ιδ
791 1825 852 1896 ἐπὶ
868 1822 1053 1916 Δελφινίῳ,
1074 1823 1113 1892 ro*
1128 1821 1187 1890 ἐπὶ
1203 1819 1402 1911 Παλλαδίῳ,
1417 1821 1455 1890 ιδ

186 1967 187 1974 1
293 1921 329 1989 ἐν
348 1931 515 2013 Φρεαττοῖ
532 1941 562 1994 ct
581 1933 757 2015 Areopupus.
792 1935 878 2010 Queri
899 1953 992 2014 quum
1008 1932 1137 2014 Epirotas
1156 1931 1185 1992 in
1201 1931 1359 2009 Areopago
1379 1927 1455 1990 iurii-

294 2051 379 2094 rasse
393 2031 555 2108 ricieamus,
569 2052 670 2097 uonne
685 2035 741 2098 irus
756 2037 846 2100 ctiam
859 2037 1048 2118 Areopagitas
1064 2033 1215 2097 irahcncios
1230 2050 1298 2092 csse
1313 2023 1456 2112 appareti

294 2134 356 2196 lam
371 2153 440 2196 sero
459 2155 551 2216 rprmn
566 2137 756 2220 Areopagitas
776 2139 869 2202 multo
883 2139 1064 2220 antiquiores
1079 2137 1211 2199 Dracone
1225 2135 1318 2196 luisse.
1332 2141 1456 2204 constet,

185 2300 186 2313 ,
293 2254 395 2299 nonno
408 2237 497 2300 ctiam
513 2237 653 2319 Epirotas,
667 2241 717 2321 qui
734 2239 791 2320 ipsi
806 2249 877 2304 sunt
888 2241 1092 2324 Areopagitae,
1107 2249 1173 2302 ante
1185 2238 1350 2301 Draconem
1366 2235 1456 2298 luisse

294 2335 435 2419 oportetl
455 2373 497 2386 -
515 2340 609 2403 liniris
629 2342 774 2404 eiusmocii
794 2343 870 2406 ratio
885 2361 1072 2426 nequaquam
1088 2353 1166 2405 recte
1182 2340 1319 2404 concludi
1335 2339 1455 2401 ridetur.

259 2475 262 2482 ·
294 2441 449 2506 Potueriot
467 2443 547 2506 euim
567 2463 640 2506 sane
655 2445 848 2528 Areopagitae
863 2445 995 2509 Dracone
1014 2445 1195 2528 antiquiores
1210 2463 1292 2518 csse,
1314 2451 1456 2504 ettamen

185 2578 186 2583 κ
295 2545 418 2626 Epirotis
437 2563 556 2628 ‹puorpre
574 2565 677 2610 recens
698 2548 839 2612 institutis
859 2549 966 2612 iuriicia
986 2549 1130 2630 rpuacriam
1151 2547 1181 2610 in
1200 2547 1355 2628 Areopago
1374 2560 1455 2606 excr-

295 2648 388 2710 corrcia
408 2648 556 2725 nrauclari,
576 2649 614 2712 ita
633 2659 666 2713 nt
686 2660 715 2713 ot
731 2651 770 2714 ilii
785 2659 897 2713 setores
913 2661 1067 2714 senatores
1084 2651 1113 2713 in
1129 2651 1282 2732 Areopago
1298 2663 1457 2712 consessus

294 2749 452 2825 haherent,
466 2762 495 2815 et
510 2751 539 2813 iri
555 2752 623 2815 nori
638 2753 748 2815 indices
764 2753 800 2816 cie
815 2753 902 2817 cortis
917 2754 1096 2835 quiirusrlam
1113 2752 1210 2816 causis
1226 2752 1256 2814 in
1271 2751 1378 2814 eodem
1393 2750 1456 2813 ioco

295 2851 470 2928 iuriicarcrrt,
484 2853 546 2918 sire
561 2854 614 2918 iras
630 2856 700 2918 olim
715 2855 752 2918 air
766 2853 873 2918 risten
888 2857 943 2920 iilis
959 2857 1156 2929 senatoribus,
1172 2855 1235 2918 sire
1250 2855 1287 2918 ah
1302 2853 1367 2917 aliis
1384 2849 1458 2916 toti·

296 2954 380 3016 ciirus
400 2957 627 3039 epuiiruscunrpre
648 2957 789 3020 iudicatas
804 2979 872 3020 esse
887 2967 1060 3022 statuamus.
1081 2993 1122 3006 -·-
1142 2957 1297 3021 Praeterea
1312 2955 1459 3018 clirersum

297 3057 354 3118 iam
381 3067 449 3120 ante
468 3059 610 3122 Solonem
629 3060 872 3143 Areopagitarum
892 3062 1047 3142 collegium
1067 3061 1104 3124 alr
1124 3059 1246 3142 Epirotis
1266 3059 1358 3122 luisse
1376 3057 1461 3122 ctiam

297 3159 343 3220 lex
362 3161 504 3241 quacriarrr
521 3173 633 3225 uetusta
649 3164 833 3226 ricnronstrat
847 3163 883 3226 air
898 3164 1010 3226 Solone
1024 3165 1165 3227 archonte
1179 3163 1249 3235 iata,
1269 3181 1327 3242 cpra
1342 3161 1462 3223 restitu-

298 3260 338 3321 tio
364 3262 459 3342 rapite
478 3263 637 3327 cicmirrutis
656 3262 886 3329 ante'Soioncm
906 3267 1055 3330 cianrnatis
1076 3265 1251 3348 impertitur,
1277 3261 1406 3344 exerptis
1425 3259 1461 3322 lis

297 3363 347 3445 cpri
366 3375 417 3426 ανιι
431 3365 468 3427 ah
482 3365 638 3449 Areopago
653 3379 706 3430 οιιι
719 3367 756 3430 air
771 3369 893 3450 Epirotis
909 3380 962 3432 οιιι
974 3369 1004 3432 in
1020 3369 1165 3452 Prytaneo
1181 3365 1312 3430 dorouoti
1327 3363 1407 3426 sint¹
1422 3365 1460 3438 ¹).

302 3456 447 3546 Ἀτίμιον
462 3459 538 3532 ὅσοι
555 3461 673 3551 &ergene
689 3455 772 3555 ἦσαν
786 3467 866 3554 πρίν
883 3462 904 3533 i?
917 3467 1054 3534 Σόλιονα
1069 3463 1166 3551 ι’ίρξαι
1182 3459 1360 3547 ἐπιτίμοις
1374 3451 1460 3528 εἶναι

184 3625 185 3637 ,
299 3563 387 3654 πλὴν
406 3560 483 3634 ὅσοι
504 3564 542 3648 ἐξ
554 3563 687 3653 Ἀρείου
702 3566 814 3656 πάγοι·
828 3563 851 3658 ί]
866 3565 939 3635 ὅσοι
955 3567 992 3636 ίκ
1006 3575 1071 3636 τῶν
1082 3564 1227 3660 ’Epami
1241 3559 1264 3656 ἢ
1278 3561 1314 3631 e'rc
1328 3569 1462 3651 liprcu·

298 3663 386 3734 rcr'ou
413 3667 632 3749 tenerrime
651 3666 718 3737 ίπδ
737 3671 802 3736 τῶν
819 3669 987 3755 βασιλίσιν
1004 3670 1064 3739 ἐπὶ
1084 3669 1177 3761 ‹prircp
1199 3663 1220 3758 ἢ
1239 3671 1423 3757 σφαγαῖσιν
1440 3658 1463 3754 ἢ

298 3767 359 3837 ἐπὶ
380 3767 550 3858 τυραννίδι
569 3767 692 3860 ἔφαγον
710 3767 766 3838 ὅτι
784 3772 915 3856 δεσμὸς
933 3770 1040 3864 e’cpcc'rp
1061 3771 1129 3840 ὅδε.
1163 3775 1318 3857 Apparet,
1346 3771 1462 3854 opinor,

299 3877 406 3938 horum
421 3876 580 3939 rcrirorum
597 3877 708 3940 nullam
726 3875 813 3938 aliam
833 3877 1104 3959 interpretationem
1123 3899 1206 3953 csse,
1224 3875 1284 3940 nisi
1299 3883 1332 3938 ut
1347 3875 1402 3937 tria
1416 3873 1462 3936 cli·

192 4054 196 4060 .
300 3997 402 4042 camus
422 3977 541 4058 collegia
562 3978 639 4040 inter
656 3999 690 4042 se
709 3977 848 4058 distingui
863 3980 985 4044 Solonis
1004 3982 1116 4064 iegibus
1132 3979 1312 4063 antiquiora,
1333 3979 1463 4059 Areopa·

300 4100 385 4160 gum,
404 4079 548 4161 Epirotas,
567 4080 762 4162 Prp’tanrum,
781 4099 877 4162 neque
891 4083 951 4145 ulio
967 4085 1058 4146 morlo
1074 4083 1137 4148 lieri
1153 4103 1259 4165 posse,
1280 4089 1311 4144 ut
1326 4079 1357 4142 iu
1371 4081 1464 4142 Arcu·

300 4203 376 4264 pago
391 4183 479 4245 etiam
493 4191 523 4248 et
536 4182 569 4244 in
583 4182 729 4265 i'rptaueo
744 4182 834 4246 iicicnr
849 4181 888 4246 iiii
902 4183 1014 4248 iuriiccs
1029 4185 1204 4268 intelligendi
1220 4185 1290 4259 sint,
1305 4181 1356 4264 qui
1366 4181 1464 4264 Ephe·

301 4294 398 4350 tarum
413 4284 535 4348 nomine
549 4284 675 4348 seorsim
691 4296 973 4363 commemorantur,
988 4288 1053 4351 lieet
1066 4289 1124 4352 hos
1140 4287 1225 4370 ipsos
1240 4287 1277 4350 cle
1287 4285 1465 4368 quibusdam

184 4420 185 4423 π
301 4388 397 4451 causis
416 4388 504 4451 etiam
523 4387 555 4450 iu
569 4388 722 4471 Areopago
741 4397 771 4450 et
789 4388 867 4471 apori
882 4389 1059 4472 Prptaneuor
1080 4409 1144 4454 uon
1163 4390 1264 4454 minus
1283 4407 1372 4472 quaro
1388 4385 1466 4471 apud

302 4489 478 4566 Palladium,
496 4491 576 4572 apucl
589 4489 776 4572 Delphiniom
796 4501 826 4553 et
839 4492 870 4554 in
883 4491 1023 4557 Phreatto
1039 4493 1186 4558 iudicasse
1199 4494 1341 4558 smarnos.
1373 4493 1468 4574 Atque

218 4593 221 4598 '
302 4592 342 4656 ita
359 4593 436 4657 hanc
453 4592 550 4674 legem
564 4592 651 4656 etiarn
665 4593 855 4656 Plutarchum
869 4594 1019 4677 scorpione
1033 4597 1183 4674 ridemus,
1202 4597 1253 4680 qrri
1267 4615 1333 4661 eam
1347 4613 1404 4678 pro
1418 4611 1467 4658 ar·

306 4749 413 4758 ..ω-ι-
421 4748 490 4758 ‹cn-u·
520 4749 579 4759 00-
586 4749 607 4758 .-

376 4816 416 4883 ιι)
433 4815 561 4871 Plutarch.
574 4817 661 4871 Solea.
672 4833 727 4887 rap.
735 4817 776 4872 ιδ.

1228 4905 1267 4969 13
