3792 5609
922 857 1101 957 „sm

426 1066 528 1121 autem
545 1053 626 1117 bunc
639 1064 802 1113 numerum
820 1046 878 1108 iam
899 1066 916 1107 a
934 1046 1069 1127 Lycurgo
1089 1044 1235 1126 expletum
1255 1046 1398 1121 dicerent,
1419 1048 1467 1113 alii
1486 1050 1523 1112 ab
1539 1050 1597 1115 boo

426 1164 570 1238 quattuor
587 1151 678 1216 mibia
697 1160 728 1213 et
746 1149 934 1231 quingentas,
956 1148 1004 1211 alii
1023 1148 1149 1229 denique
1170 1168 1221 1212 sea
1237 1148 1326 1213 nrillia
1341 1151 1429 1225 laeta,
1450 1152 1596 1235 reliquum

424 1276 585 1324 numerum
605 1275 623 1317 a
643 1253 791 1336 Polpdoro
811 1252 931 1315 demum
951 1251 1099 1315 adiectum
1118 1272 1186 1315 esse
1206 1252 1404 1334 perhiberent
1443 1254 1597 1321 Debebunt

425 1362 517 1443 igitur
529 1360 580 1441 qui
592 1356 697 1421 Grotio
716 1356 917 1419 assentientur
935 1354 1110 1418 alterutrum
1126 1365 1270 1419 statuere:
1293 1366 1344 1420 aut
1355 1358 1533 1439 Spbacrmn,
1554 1360 1598 1424 rel

426 1464 565 1546 quisquis
576 1460 667 1525 luerit
677 1458 794 1523 fabulae
805 1468 918 1531 auctor,
935 1458 1036 1539 ipsum
1048 1458 1149 1521 callide
1160 1460 1237 1522 hanc
1248 1478 1367 1541 quoque
1377 1460 1598 1526 dissensionem

428 1567 604 1632 ementitum
619 1584 703 1637 esse,
722 1582 782 1645 quo
802 1562 947 1626 maiorem
968 1560 1081 1626 labulae
1097 1562 1185 1625 bdem
1201 1564 1322 1635 laceret,
1342 1564 1369 1626 si
1384 1581 1447 1627 non
1462 1582 1526 1627 rem
1540 1584 1598 1628 uo-

428 1690 497 1735 rem
512 1680 600 1752 etque
614 1665 795 1739 inauditam,
810 1668 863 1729 sed
879 1666 937 1729 iarn
953 1664 990 1729 ab
1005 1663 1084 1738 aliis,
1104 1662 1239 1746 quamvis
1259 1664 1351 1740 narie,
1374 1666 1510 1731 traditam
1528 1686 1599 1733 nar·

427 1792 497 1839 rare
511 1774 673 1846 rideretur,
689 1781 740 1834 aut
754 1769 827 1835 alios
843 1778 946 1851 postea
961 1768 1107 1845 extitisse,
1127 1770 1177 1850 qni
1193 1767 1320 1831 tabulam
1335 1769 1433 1833 abillo
1448 1780 1598 1853 acceptam
1636 1794 1641 1805 ·

428 1896 489 1942 suo
509 1877 636 1960 quisque
655 1875 748 1939 modo
767 1882 958 1946 exornarent,
982 1873 1060 1936 nulla
1080 1872 1189 1936 sedicet
1209 1871 1263 1935 aba
1284 1872 1413 1949 ratione,
1439 1874 1496 1937 nisi
1516 1884 1550 1937 ut
1568 1875 1599 1939 in

428 1980 555 2045 historia
569 1977 775 2044 commenticia
797 1975 907 2040 nudius
923 1994 1008 2039 serae
1022 1975 1154 2039 utilitatis
1170 1976 1221 2039 sed
1239 1984 1352 2038 tantum
1369 1977 1483 2039 otiosae
1498 1976 1599 2041 cuius·

428 2084 501 2148 dam
519 2080 721 2146 delectationis
741 2098 829 2143 causa
847 2078 991 2141 luderent.
1022 2076 1053 2141 ld
1075 2078 1100 2139 si
1121 2078 1167 2141 cui
1182 2077 1322 2158 placebit,
1342 2098 1403 2143 non
1420 2078 1599 2144 intercedam

428 2188 568 2270 equidem
593 2184 756 2269 quominus
775 2182 884 2245 iudicio
905 2202 961 2244 suo
982 2183 1103 2245 truatur.
1149 2180 1202 2244 Sin
1223 2182 1346 2245 alterum
1367 2182 1599 2266 praeoptabitur,

432 2300 467 2355 ut
484 2290 634 2372 Sphaerus
653 2288 719 2370 ipse
739 2289 816 2351 lianc
835 2286 1055 2350 dissensionem
1077 2285 1198 2348 tinxisse
1213 2284 1336 2361 dicatur,
1353 2306 1476 2351 necesse
1489 2297 1536 2351 est
1550 2298 1601 2352 aut
1673 2286 1685 2311 ‘

433 2393 582 2458 nominari
597 2392 686 2456 abeo
701 2400 798 2454 certos
814 2399 950 2453 auctores
965 2388 1117 2462 debuisse,
1138 2398 1188 2451 aut
1209 2390 1295 2453 nullis
1311 2391 1484 2455 auctoribus
1500 2392 1600 2456 nerui·

432 2495 512 2561 uatis
526 2515 590 2561 rem
605 2496 685 2560 nude
698 2494 848 2557 alhnnari.
883 2494 915 2556 Si
932 2493 1105 2567 nominarit,
1122 2493 1307 2556 mendacium
1323 2495 1421 2558 statim
1437 2495 1531 2578 detegi
1547 2496 1599 2560 de·

433 2598 512 2663 buit:
531 2598 558 2661 si
577 2599 675 2661 nullos
686 2596 865 2671 nominarit,
884 2595 937 2678 qui
952 2596 1014 2659 lieri
1031 2596 1142 2678 potuit,
1159 2606 1192 2659 ut
1206 2597 1246 2659 rei
1263 2598 1343 2661 nullo
1358 2609 1478 2662 auctore
1494 2618 1510 2663 a
1525 2599 1599 2663 scri-

433 2710 520 2783 ptore
539 2701 704 2764 recentiore
722 2700 845 2764 traditae
859 2706 957 2762 tannen
974 2700 1060 2779 vulgo
1077 2700 1149 2762 heles
1162 2698 1393 2781 adiungeretur?
1408 2720 1500 2783 quum
1515 2721 1600 2783 prae-

434 2804 537 2867 sertim
555 2822 604 2866 res
624 2803 689 2884 ipsa
708 2802 854 2864 eiusmodi
874 2811 967 2873 esset,
988 2822 1063 2882 quam
1085 2802 1174 2865 certis
1190 2800 1332 2866 historiae
1347 2802 1463 2867 indiciis
1480 2805 1599 2869 relutari

434 2906 532 2989 magis
547 2924 638 2989 quam
652 2904 841 2987 comprobari
855 2904 1011 2968 rideretur.
1039 2903 1114 2966 Nam
1130 2904 1280 2967 historicis
1292 2906 1478 2987 temporibus
1490 2907 1601 2971 trudam
1709 2986 1710 2991 ἵ

379 3020 417 3074 at
436 3009 515 3075 inter
528 3010 692 3093 Spartanos
708 3026 848 3091 agrorum
863 3008 1099 3089 aequabilitatem
1115 3006 1220 3081 luisse,
1239 3005 1267 3069 id
1291 3025 1353 3070 uon
1369 3027 1466 3090 nuper
1481 3010 1601 3073 demum

436 3112 532 3179 Grotii
547 3111 690 3194 sagacitas
704 3109 860 3191 indagas-it,
876 3109 930 3172 sed
944 3109 983 3171 illi
1000 3126 1119 3191 quoque
1130 3118 1242 3172 veteres
1258 3108 1337 3173 baud
1353 3128 1425 3175 sane
1440 3121 1598 3191 potuenur

436 3219 583 3301 tmonm
619 3214 657 3279 m
675 3224 774 3278 umen
794 3232 882 3296 agros
902 3211 972 3277 olim
992 3212 1186 3295 aequabiliter
1201 3212 1313 3278 divisos
1327 3214 1419 3279 luisse
1434 3234 1495 3278 non
1510 3215 1601 3279 niodo

435 3321 626 3389 Plutarchum
646 3320 767 3383 credere
786 3318 935 3393 ridemus,
956 3317 993 3381 de
1012 3316 1097 3379 ouius
1116 3314 1225 3379 iudicio
1244 3334 1282 3379 ne
1297 3336 1357 3399 ego
1377 3316 1495 3400 quidem
1511 3318 1602 3383 nimis

434 3424 591 3507 magnitioe
611 3422 723 3495 sentio,
743 3422 796 3485 sed
816 3422 904 3485 etiam
924 3420 1095 3502 Polybium,
1119 3420 1196 3483 baud
1217 3420 1432 3501 spernendum,
1451 3432 1484 3485 ut
1504 3422 1602 3487 Liuius

434 3529 548 3607 aiter),
563 3537 724 3592 auctorem.
759 3526 833 3590 Nam
854 3535 884 3589 et
903 3524 1104 3609 peritissimus
1124 3522 1179 3588 luit
1193 3542 1292 3589 rerum
1307 3544 1479 3608 graecarum
1490 3532 1554 3607 ⁰⁰),
1573 3528 1603 3591 et

435 3632 466 3696 in
490 3630 671 3712 exquirenda
694 3648 796 3694 rerum
820 3628 966 3694 rescissoria
986 3628 1231 3711 corrigendisque
1249 3628 1429 3710 scriptorum
1450 3632 1602 3695 erroribus

434 3733 693 3815 diligentissimus,
713 3732 840 3815 denique
859 3732 1028 3796 Cleomenis
1048 3742 1078 3795 et
1097 3732 1222 3815 Sphaeri
1241 3732 1329 3794 aetati
1348 3734 1517 3813 proximus,
1542 3755 1601 3817 quo

436 3833 537 3898 miuus
555 3835 694 3899 credibile
713 3835 746 3896 bt
762 3834 892 3898 tabulam
914 3852 1012 3916 nuper
1026 3834 1145 3897 demum
1165 3834 1316 3897 irnentam
1333 3844 1363 3907 et
1377 3856 1392 3899 a
1409 3838 1489 3900 trullo
1506 3847 1603 3903 retem

438 3946 559 4000 auctore
575 3938 781 4000 coulirmatam
801 3954 869 3999 eum
890 3937 988 4000 fallere
1008 3937 1151 4019 potuisse.
1182 3936 1301 3999 Accedit
1321 3938 1401 4019 quod
1417 3940 1602 4003 aelrersarius

423 4049 485 4103 ’est
498 4037 675 4114 Cleomenis,
689 4057 817 4121 eumque
831 4058 893 4103 non
905 4058 968 4103 uno
979 4040 1046 4103 loro
1059 4040 1247 4103 vehementer
1259 4038 1413 4121 vituperat,
1430 4050 1601 4121 tyranuum-

438 4160 497 4223 que
513 4153 544 4205 et
562 4142 725 4224 patriarum
743 4144 840 4223 legum
860 4162 1030 4206 eversorem
1051 4142 1143 4206 dicit⁰
1155 4146 1196 4223 'ln
1222 4142 1307 4207 ouius
1332 4142 1357 4205 si
1384 4143 1462 4205 hano'
1482 4128 1602 4226 quoque

436 4243 529 4325 legem
544 4244 699 4325 agrariam,
714 4263 774 4327 qua
787 4266 861 4310 saue
875 4244 948 4310 nihil
964 4244 1057 4325 magis
1073 4244 1257 4328 tyrannicum
1274 4243 1366 4308 rideri
1382 4243 1486 4325 potuit,
1507 4247 1601 4328 apri·
1656 4290 1658 4298 ι

440 4343 499 4407 set·
516 4354 547 4409 et
563 4346 701 4426 genuinis
718 4346 760 4409 rei
777 4347 911 4429 publicae
928 4347 1073 4413 institutis
1094 4348 1258 4413 abhorrere
1278 4345 1463 4421 credidisset,
1481 4346 1512 4417 id
1528 4366 1610 4439 prof·
1687 4378 1688 4381 ¹

442 4548 493 4562 -0-
502 4551 695 4562 —·-—-.00
700 4551 738 4564 ι.

507 4674 550 4741 bd)
568 4674 623 4729 Lib.
632 4674 712 4730 XXX
723 4678 792 4731 eli.

452 4851 456 4859 .
507 4778 919 4850 bdidicderepubl.l,2l,dl.
1423 4810 1440 4836 ι

506 4884 549 4952 ot)
567 4882 625 4938 Vll.
635 4884 747 4955 proteu⁴
760 4894 847 4938 uestra
857 4887 890 4940 sd
901 4886 1030 4943 Plutarchi
1042 4891 1090 4955 hg.
1102 4897 1129 4943 et
1141 4887 1235 4941 cleon.
1248 4883 1343 4956 pXX.
1355 4883 1428 4939 XXI.
