3792 5609
789 817 905 912 ,as

303 1015 363 1068 tere
375 1002 591 1068 contendimus.
621 1003 694 1068 llam
707 1006 787 1087 quod
799 1005 875 1088 apud
888 1005 1001 1070 litium
1014 1004 1048 1078 ll,
1055 1005 1107 1072 56.
1119 1005 1155 1069 tt
1168 1005 1278 1070 tribuni
1290 1023 1352 1069 aon
1361 1002 1467 1087 populi

303 1106 354 1168 sed
378 1104 472 1189 plebis
497 1106 687 1188 magistratus
711 1127 777 1170 esse
802 1109 955 1176 dicuntur,
981 1111 1040 1173 boc
1058 1127 1163 1172 onrncs
1181 1121 1249 1172 ante
1269 1107 1464 1172 Niebuhrium

303 1207 379 1270 banc
392 1207 451 1270 uim
465 1207 574 1271 habere
587 1217 764 1284 statuerunt,
780 1219 810 1274 ut
828 1213 1016 1274 tribunorum
1031 1221 1164 1292 potestas
1180 1229 1240 1273 uon
1256 1210 1285 1274 in
1297 1211 1463 1273 uniuersam

304 1308 457 1381 ciuitatem,
473 1319 572 1392 patres
587 1313 696 1392 pariter
709 1331 744 1376 ae
759 1313 882 1394 plebem,
899 1315 950 1377 sed
967 1314 997 1376 in
1011 1314 1143 1395 plebeios
1158 1312 1365 1376 tantummodo
1379 1329 1463 1373 exer·

303 1412 362 1476 ceri
378 1431 467 1495 prosse
483 1412 640 1478 diceretur:
655 1434 731 1497 quae
745 1415 897 1497 explicatio
912 1427 943 1479 et
958 1416 1054 1478 uerbis
1069 1427 1098 1480 et
1109 1417 1150 1478 rei
1161 1413 1464 1478 accommodatissima

303 1525 363 1588 est,
384 1516 559 1598 possintque
577 1518 680 1581 eotlem
701 1519 792 1580 modo
812 1518 947 1582 consules
964 1519 1071 1601 populi
1087 1536 1148 1581 uon
1165 1517 1259 1600 plebis
1276 1517 1464 1598 magistratus

207 1698 211 1706 Ι
304 1617 374 1692 clici,
395 1628 429 1682 ut
443 1637 570 1699 quonum
587 1619 711 1702 imperio
726 1637 787 1686 non
802 1637 860 1684 una
877 1639 946 1702 pars
962 1621 1099 1692 ciuitatis,
1114 1623 1166 1683 sed
1181 1637 1286 1683 omnes
1300 1621 1331 1683 in
1345 1619 1464 1682 unirer·

304 1741 370 1785 sum
391 1723 467 1786 cives
486 1721 610 1786 sultiecti
629 1723 697 1787 sint.
743 1724 814 1787 ltena
829 1722 909 1804 quod
925 1725 1005 1804 apud
1020 1722 1135 1786 Liuium
1150 1722 1202 1790 ΙΙΙ,
1222 1724 1278 1795 55,
1299 1722 1465 1785 dl'alerins

304 1833 333 1888 et
346 1825 486 1890 Horatius
501 1827 586 1890 Coss.
606 1827 708 1889 tulisse
728 1826 878 1898 dicuntur,
906 1837 938 1888 ut
958 1827 1039 1906 quod
1060 1824 1193 1889 tributim
1211 1825 1312 1907 plebes
1331 1825 1467 1888 iussisset

304 1929 448 2010 populum
468 1937 593 2000 teneret,
620 1927 753 2010 proiecto
773 1927 846 1990 nihil
865 1927 941 1991 alind
963 1928 1120 2008 significat,
1146 1947 1235 2010 guam
1255 1928 1336 2008 quod
1354 1927 1466 2009 legibus

306 2029 426 2095 Publilia
442 2040 471 2095 et
485 2030 641 2094 llorteusia
657 2029 802 2111 scripturn
818 2031 882 2102 luit,
899 2039 932 2094 ut
948 2029 1107 2111 plebiscitis
1121 2048 1226 2094 ornnes
1241 2030 1371 2106 Quirites
1386 2040 1466 2093 teue-

305 2144 416 2198 rentur.
461 2132 523 2196 llid.
539 2132 600 2196 liu.
617 2131 692 2204 lllll,
713 2132 765 2204 tt,
789 2133 827 2196 ll
843 2133 913 2214 ibin.
930 2133 994 2196 intt.
1009 2135 1089 2196 etad
1105 2133 1233 2216 Epitom.
1247 2133 1298 2196 lib.
1312 2133 1361 2196 xl.
1376 2167 1419 2180 -
1433 2136 1469 2197 dt

306 2235 429 2300 coucr'lin
441 2235 547 2318 populi
561 2243 832 2298 commemorantur
847 2235 1015 2316 aliquoties:
1037 2237 1118 2318 quiid
1135 2253 1227 2316 ignum
1242 2235 1381 2308 eoncilia,
1396 2238 1468 2299 lae·

306 2338 345 2402 lio
360 2339 454 2402 Felice
472 2346 606 2408 auctore,
628 2354 689 2399 non
710 2335 913 2400 uniuersorum
934 2337 1042 2400 ciuium
1061 2337 1136 2407 siut,
1156 2338 1208 2399 sed
1228 2336 1321 2419 panis
1340 2339 1470 2412 alicuius,

307 2459 407 2504 nonne
422 2439 611 2503 manifestum
626 2448 684 2509 est,
705 2439 755 2520 qui
772 2438 873 2520 populi
889 2439 1010 2502 concilia
1025 2439 1116 2512 dieat,
1133 2456 1195 2503 nen
1210 2457 1316 2503 ornnes
1331 2441 1470 2515 Quirites,

307 2544 359 2606 sed
375 2551 486 2624 partem
504 2541 710 2604 tantummodo
725 2537 913 2621 significare?
928 2541 1007 2603 banc
1020 2551 1119 2604 nutem
1131 2551 1243 2621 pionem
1254 2542 1395 2622 pmtricios
1406 2561 1473 2605 esse

307 2662 409 2708 nonne
421 2645 463 2706 rel
479 2661 557 2706 unus
572 2642 644 2706 lirii
658 2643 743 2706 locus
759 2643 952 2716 domonstrat,
969 2643 991 2713 l,
1004 2643 1060 2706 36:
1074 2655 1107 2705 ut
1121 2643 1244 2706 coueib'o
1254 2644 1369 2727 popuii,
1385 2663 1471 2707 ecer-

309 2751 382 2810 cr'tus
400 2749 508 2817 sacnti,
528 2764 643 2808 summo
662 2763 778 2817 rerum,
800 2745 854 2806 ubi
871 2764 939 2807 noes
954 2763 1012 2807 non
1029 2746 1220 2823 addixissent,
1240 2745 1472 2810 dirimerentur?

307 2848 424 2930 Quippe
439 2849 475 2910 ad
492 2846 585 2929 plebis
601 2847 722 2910 concilia
738 2847 809 2910 nibil
823 2846 1007 2928 pertinebant
1022 2849 1167 2928 auspicia:
1189 2849 1381 2929 designantur
1390 2867 1471 2929 ergo.

308 2958 342 3014 ut
359 2953 490 3013 exercitu
510 2961 611 3014 oocote
631 2951 807 3019 centuriata,
835 2949 874 3012 ita
891 2951 997 3032 populi
1015 2950 1144 3013 conciliis
1161 2951 1272 3015 curiata
1286 2952 1414 3016 comitia.
1429 2983 1472 2998 -

237 3053 255 3060 ’“
307 3055 350 3118 lta
370 3061 416 3116 est
433 3053 580 3134 protono:
604 3062 634 3116 at
654 3053 787 3116 nrriatim
808 3053 890 3117 solos
906 3052 1045 3134 patricios
1060 3053 1180 3124 coiisse,
1200 3055 1326 3118 exclusis
1340 3054 1471 3136 plebeiis,

312 3155 341 3220 id
356 3173 452 3238 neque
466 3155 529 3220 aliis
544 3156 709 3238 rationibus
724 3174 819 3237 neque
834 3155 882 3218 illo
897 3155 1015 3218 concilii
1026 3156 1148 3220 nomine
1162 3159 1313 3239 probatur.
1358 3156 1473 3220 Scilicet

312 3257 402 3323 Laelii
417 3258 520 3323 Felicis
539 3259 627 3322 uerba
645 3259 718 3323 baec
735 3266 805 3322 sunt
824 3259 903 3339 apud
923 3244 1047 3321 Gellium
1062 3259 1096 3322 tt.
1112 3260 1145 3321 il.
1163 3260 1227 3332 XV,
1249 3259 1300 3333 27,
1321 3262 1356 3322 d:
1377 3257 1410 3322 la
1423 3260 1475 3342 gui

309 3379 371 3426 non
385 3365 556 3426 nniversam
567 3359 710 3446 populum
725 3363 775 3425 sed
785 3371 901 3444 portem
918 3360 1047 3445 ulipuoru
1062 3363 1160 3424 edesse
1173 3363 1263 3438 iubet,
1283 3380 1342 3425 uou
1357 3365 1472 3425 comitio

309 3465 359 3528 sed
374 3464 528 3528 concilium
542 3465 654 3530 edicere
668 3465 761 3528 debet:
777 3463 860 3528 cuins
876 3463 1021 3545 praerepti
1036 3465 1079 3527 uis
1094 3465 1167 3528 baec
1181 3474 1235 3536 est,
1251 3483 1312 3528 non
1327 3474 1361 3528 ut
1375 3468 1472 3528 couci-

310 3567 383 3633 liuns
403 3586 556 3651 nunqtram
577 3569 612 3632 tle
631 3567 759 3633 uniuersi
775 3567 877 3651 populi
893 3577 1054 3636 conuentu,
1076 3567 1128 3630 sed
1143 3555 1226 3632 ut'de
1240 3567 1334 3650 partis
1349 3567 1473 3632 alicuius
1571 3607 1575 3611 ‚

311 3685 456 3738 conuentu
470 3692 633 3757 nunqnam
660 3675 775 3737 comitio
802 3671 859 3735 dici
886 3671 992 3735 deluere
1014 3671 1182 3754 praeciptat.
1227 3674 1414 3754 Qnansqnam
1435 3691 1474 3736 rte

309 3777 368 3842 boc
390 3777 510 3860 quidem
534 3777 571 3842 ab
597 3775 746 3841 historicis
766 3775 900 3856 religiose
919 3775 1070 3838 obseruari
1090 3776 1179 3849 solet,
1202 3779 1254 3840 sed
1280 3775 1399 3840 concilii
1415 3795 1473 3841 no-

310 3897 378 3942 men
394 3899 410 3942 a
424 3879 506 3942 licio
521 3888 550 3942 et
566 3879 734 3962 aequalibus
750 3879 944 3961 scriptoribus
965 3879 1003 3940 de
1016 3897 1195 3960 quocuncpre
1209 3889 1358 3944 conuentu
1372 3880 1474 3944 multi·

311 3981 421 4045 tudinis
437 3982 504 4056 diei,
524 3981 611 4046 etiem
628 3983 664 4046 dc
679 3981 830 4054 concione,
850 3981 894 4044 uel
909 3979 945 4043 iis
960 3981 1100 4061 exemplis
1116 3994 1248 4064 apparet,
1265 4002 1341 4064 quae
1354 3983 1475 4047 Grono-

311 4084 376 4148 uius
392 4085 541 4166 congessit
556 4087 592 4149 ad
608 4085 709 4156 llllll,
731 4085 765 4158 2,
781 4086 815 4147 5:
838 4081 1030 4166 quamobrem
1047 4083 1118 4147 nibil
1133 4105 1204 4149 sarm
1219 4105 1325 4151 causae
1338 4097 1398 4158 est,
1421 4104 1476 4151 cur
1495 4107 1515 4158 s

311 4189 369 4252 isto
389 4207 476 4270 «ruem
497 4207 586 4270 supra
604 4188 817 4272 adscripsimus
832 4189 897 4251 loco
913 4185 950 4249 de
963 4196 1047 4269 pane
1062 4187 1269 4252 tantummodo
1283 4190 1314 4253 lt.
1328 4209 1355 4252 e.
1369 4188 1407 4253 de
1421 4208 1475 4272 pa·

239 4295 241 4301 '
311 4290 403 4356 triciis
422 4291 482 4356 hoc
500 4293 676 4357 uocabulum
694 4289 894 4375 accipiendum
915 4309 982 4354 esse
1001 4291 1213 4364 concedamus,
1240 4293 1270 4356 id
1293 4293 1374 4375 quod
1392 4309 1431 4357 ne
1449 4292 1477 4354 si

311 4395 401 4458 Laelii
416 4395 535 4478 quidem
551 4395 663 4470 Felicis,
679 4412 740 4459 non
751 4393 823 4459 Liuii
838 4395 864 4457 is
877 4393 962 4457 locus
976 4404 1064 4467 esset,
1080 4393 1175 4476 ipsius
1186 4395 1276 4460 laelii
1286 4406 1476 4480 praeseptum

310 4517 368 4563 nos
384 4508 509 4582 cogeret.
541 4498 636 4562 Etiam
650 4499 701 4563 lib.
717 4499 742 4562 ll
758 4517 821 4580 cap.
838 4497 869 4571 7,
884 4495 935 4560 ubi
949 4495 1023 4561 baec
1035 4498 1189 4580 leguntur:
1217 4497 1351 4564 Valerius
1362 4517 1476 4562 -oo-

312 4613 377 4667 coto
402 4603 442 4667 ed
467 4601 623 4667 concilium
646 4602 754 4688 populo
780 4602 929 4665 submissis
953 4600 1084 4683 [mribus
1103 4603 1134 4663 iu
1152 4615 1318 4686 suggestum
1335 4603 1476 4667 escendit:

311 4717 432 4790 gruum
453 4707 485 4770 id
503 4705 684 4772 multitudini
700 4705 895 4790 spectoodsm
914 4713 966 4768 etc.
990 4703 1062 4768 binii
1081 4704 1182 4768 animo
1201 4725 1264 4771 non
1283 4705 1475 4790 patriciorum

312 4810 365 4875 sed
379 4809 533 4877 uniuersae
544 4809 667 4876 ciuitatis
678 4817 855 4876 mouentum
866 4808 1056 4874 obversatum
1067 4827 1135 4872 esse
1144 4809 1217 4873 satis
1228 4819 1365 4893 appetem
1378 4826 1475 4892 pegus
