3792 5609
793 669 996 770 ΔΞ-

312 877 395 923 esse:
423 858 619 941 quamobrem
634 859 764 922 Albanos
783 878 916 941 quoque,
941 857 992 940 qui
1012 857 1116 920 sedem
1135 855 1165 919 iu
1180 855 1279 919 Caelio
1298 853 1476 938 receperint,

312 961 401 1026 buius
417 961 545 1025 maxime
561 961 657 1042 gentis
671 961 765 1025 luisse
780 980 923 1045 perquam
939 961 1077 1024 credibile
1093 969 1149 1032 est,
1164 959 1323 1040 siquidem,
1337 969 1477 1038 utsupra

313 1065 386 1138 dixi,
405 1064 523 1127 Etrusci
540 1065 628 1128 etiam
645 1065 733 1128 ntbae
750 1083 817 1128 runt
832 1065 945 1128 Latinis
960 1074 990 1126 et
1006 1062 1124 1125 Sabinis
1139 1061 1317 1125 habitarunt.
1363 1063 1405 1125 Ae
1420 1061 1478 1123 Sa·

314 1167 400 1230 binos
420 1167 557 1248 quidem,
584 1167 657 1230 urbe
679 1167 788 1242 diruta,
816 1165 967 1248 probabile
986 1175 1034 1227 est
1052 1165 1090 1226 ad
1106 1184 1180 1227 suos
1195 1164 1386 1246 potissimum
1402 1173 1433 1226 et
1447 1163 1478 1225 in

314 1289 366 1333 eas
382 1270 471 1333 urbes
487 1271 646 1350 migrasse,
663 1289 737 1352 epuns
753 1280 822 1332 tuno
838 1269 937 1332 Sabini
955 1267 1106 1340 tenebant,
1125 1268 1249 1331 Latinos
1263 1267 1334 1329 item
1350 1267 1382 1328 iu
1397 1265 1477 1328 Lati·

314 1391 423 1436 norum
442 1373 549 1446 urbes,
568 1373 711 1436 litruseos
731 1381 829 1435 auum
847 1371 988 1442 bumana,
1009 1368 1125 1432 llostilii
1140 1378 1224 1442 tunc,
1245 1371 1273 1432 b.
1291 1388 1317 1432 e.
1334 1370 1477 1432 Etruseo-

315 1493 382 1538 rum
398 1475 537 1556 potestati
553 1485 720 1556 parentem:
741 1484 771 1538 et
785 1475 889 1557 possit,
905 1473 1013 1555 siquis
1029 1471 1129 1534 omnia
1144 1473 1174 1534 in
1191 1473 1297 1535 tabulis
1312 1473 1369 1535 sibi
1384 1473 1478 1535 inter·

315 1579 457 1660 pretende
473 1587 581 1650 sumat,
602 1579 690 1642 otiam
705 1597 815 1659 genere
832 1577 978 1660 supplicii,
996 1595 1057 1658 quo
1072 1577 1131 1638 dux
1147 1576 1277 1638 amanus
1292 1577 1414 1638 allectus
1429 1573 1478 1648 sit,
1588 1623 1593 1628 .

315 1682 392 1745 bauo
411 1680 511 1762 populi
527 1679 629 1742 attari
650 1681 869 1762 dispersionem
885 1679 1079 1760 significatam
1094 1679 1232 1740 credere:
1254 1697 1324 1741 nant
1343 1677 1479 1740 membra

316 1783 381 1845 eius
401 1781 507 1860 illigata
531 1781 668 1844 curribus
693 1792 723 1843 et
741 1783 771 1844 in
791 1781 942 1844 diversum
963 1778 1048 1860 equis
1067 1781 1221 1843 eoudtatis
1241 1781 1390 1862 discerpta
1409 1797 1479 1842 esse

316 1885 463 1948 dicuntur.
503 1882 616 1944 Romae
632 1892 731 1946 autem
748 1903 800 1946 rex
815 1883 879 1964 ipse
894 1881 1038 1946 Hostilius
1053 1882 1082 1944 in
1098 1882 1207 1957 Caelio,
1222 1884 1252 1946 b.
1268 1901 1296 1945 e.
1313 1883 1342 1946 in
1354 1883 1480 1946 Etmsca

221 1991 223 1994 ’
317 1985 405 2064 urbis,
419 1984 541 2064 regione
557 1985 706 2047 habitasse
722 1987 893 2062 lertur⁰⁸lt
915 2003 1096 2066 quamquam
1116 1987 1205 2049 etiam
1222 1986 1253 2048 iu
1267 2005 1387 2049 summa
1401 1984 1480 2048 tetta

316 2090 441 2151 domum
456 2087 521 2149 eius
538 2086 630 2148 luisse
646 2087 825 2164 volenter),
846 2105 940 2167 prope
960 2098 1093 2149 montem
1108 2087 1288 2151 Palatinum:
1309 2106 1407 2170 neepre
1421 2085 1480 2150 mi·

318 2209 386 2254 rum
402 2190 479 2270 regi,
499 2188 549 2270 qui
564 2207 626 2252 non
641 2189 693 2252 uni
708 2188 810 2261 tribui,
829 2189 883 2252 sed
903 2189 1044 2251 universo
1065 2190 1176 2270 populo
1195 2189 1370 2271 imperaret,
1392 2188 1481 2251 etiam

319 2293 416 2373 regias
431 2292 462 2354 in
478 2291 601 2372 singulis
617 2291 752 2353 tribubus
768 2289 923 2372 assignari.

404 2394 559 2476 saepsisse
570 2413 661 2476 porro
673 2393 815 2456 ilostilius
827 2391 979 2455 contitium
991 2392 1105 2466 dicitur,
1120 2393 1292 2474 curiamque
1303 2393 1484 2466 aedificasse,

205 2485 208 2490 ¹
319 2497 366 2560 uui
381 2496 484 2578 perdiu
499 2497 623 2577 postbae
634 2496 774 2560 ltosritiae
787 2513 897 2558 nomen
913 2515 929 2557 a
945 2495 1098 2557 conditore
1112 2494 1291 2572 marusim).
1321 2499 1413 2558 bntea
1428 2494 1484 2572 igi·

320 2611 368 2663 tur
382 2608 504 2662 senatus
519 2597 582 2662 aliis
597 2599 627 2661 iu
643 2597 716 2662 loeis
731 2599 885 2661 considere
896 2597 1002 2660 solitus
1014 2607 1087 2671 erat,
1102 2616 1168 2660 eam
1179 2607 1288 2671 autem
1302 2615 1379 2678 quae
1389 2614 1486 2677 usque

321 2703 357 2766 ad
374 2703 484 2766 Sullam
505 2701 684 2782 perdurarit,
705 2700 817 2764 curiam
834 2711 960 2764 veterem
980 2701 1057 2763 lanta
1073 2699 1183 2763 serebat
1197 2699 1247 2762 illo
1262 2709 1397 2782 tempure
1411 2717 1486 2763 con·

321 2805 413 2867 ditam
433 2823 508 2878 esse,
527 2823 595 2867 eum
611 2803 755 2867 llostilius
769 2799 914 2883 regnaret,
938 2803 967 2864 h.
984 2823 1009 2865 e.
1025 2822 1094 2865 eum
1110 2821 1230 2865 summo
1245 2800 1405 2865 incivitate
1419 2804 1486 2865 loeo

322 2909 449 2971 Luceres
464 2917 574 2980 essent,
589 2907 669 2988 quod
685 2926 738 2972 eur
752 2906 782 2968 in
797 2906 919 2970 dubium
934 2915 1055 2968 vocetur
1067 2905 1146 2968 nulla
1161 2915 1320 2969 causaest
1346 2907 1488 2968 Senatum

323 3029 442 3092 quoque
457 3009 562 3072 eodem
579 3019 712 3092 tempore
727 3018 846 3072 auotum
860 3028 928 3072 ease
943 3018 1118 3084 memorant,
1132 3009 1241 3072 allectis
1256 3008 1287 3072 in
1301 3019 1401 3090 patres
1415 3026 1489 3089 gen·

324 3114 403 3176 tibus
423 3111 535 3193 aliquot
553 3112 686 3190 libanis,
711 3113 805 3189 iuliis,
824 3111 969 3186 Serviliis,
989 3112 1152 3188 Quinctiis,
1171 3111 1323 3192 Geganiis,
1341 3111 1489 3184 Curiatiis,

324 3216 452 3292 Cloeliis,
471 3215 629 3280 blaesiliis²
643 3219 681 3288 ΙΙ.
730 3216 857 3280 Nomina
876 3226 905 3277 et
924 3233 1082 3280 numerum
1102 3235 1190 3279 neoto
1210 3215 1292 3279 lacile
1316 3214 1488 3298 praestabit:

324 3339 421 3404 neque
445 3318 527 3383 solos
547 3319 677 3385 Albanos
701 3321 738 3384 ab
759 3319 884 3384 llostilio
910 3318 1060 3402 inpetres
1084 3319 1203 3383 allectos
1222 3317 1410 3392 crediderim,
1434 3317 1488 3381 sed
1511 3337 1544 3392 ra

324 3425 540 3508 multoplures.
568 3422 643 3488 Nam
655 3425 681 3488 si
692 3444 794 3489 rerum
806 3433 860 3502 est,
871 3423 951 3506 qued
963 3423 1111 3506 plerisque
1121 3423 1209 3486 bodie
1221 3424 1323 3504 placet.
1334 3433 1489 3486 senatores

395 3727 437 3790 66)
456 3725 512 3780 tte.
525 3725 543 3791 l,
555 3727 597 3790 tt,
613 3726 635 3778 Ι.

396 3813 440 3876 ott)
460 3813 542 3866 Verre
554 3829 594 3880 ap.
608 3811 673 3865 Non.
683 3809 740 3878 xtt,
752 3811 783 3863 61
798 3811 878 3880 pinli
894 3810 973 3864 llere.
997 3809 1049 3862 cie„
1061 3811 1094 3862 de
1106 3825 1135 3862 re
1146 3811 1215 3880 publ.
1225 3809 1255 3877 ll,
1274 3810 1315 3863 dl.
1339 3809 1420 3865 Selia.
1430 3828 1455 3881 p.
1465 3811 1491 3865 2.

396 3899 437 3962 ill)
456 3898 508 3950 Cle.
520 3899 551 3950 de
564 3915 592 3950 re
604 3898 671 3966 publ.
684 3897 712 3962 ΙΙ,
728 3897 766 3950 ΙΙ.
802 3897 885 3950 Varro
897 3895 927 3950 t.
940 3897 970 3948 1..
983 3895 1015 3961 V,
1030 3896 1078 3948 lib
1090 3912 1115 3965 p.
1127 3897 1169 3949 bo.
1205 3899 1261 3951 biv.
1274 3897 1293 3962 Ι,
1306 3896 1385 3960 illst.

397 3984 439 4049 tt)
459 3985 511 4036 llos
523 3984 628 4054 ilienpe.
641 3983 686 4048 ΙΙΙ,
703 3984 736 4036 29
749 3993 777 4036 et
788 3981 875 4036 Lirim
888 3983 912 4050 l,
935 3981 982 4047 to,
999 3981 1014 4034 2
1027 3985 1166 4045 nominant,
1183 3984 1232 4037 alei
1243 3986 1310 4053 qued
1322 3983 1492 4039 Maecilius

328 4072 416 4126 Livius
428 4071 534 4134 omittit,
552 4087 655 4138 qnorum
673 4087 762 4123 nomen
778 4071 843 4123 baud
859 4070 933 4122 dubie
951 4069 975 4122 ia
988 4069 1103 4139 ilionpsii
1115 4069 1253 4125 bletiliia
1270 4071 1342 4137 latet,
1359 4071 1392 4126 el.
1409 4071 1492 4126 Pelia.

329 4158 386 4212 iarn.
398 4156 469 4209 ilem.
486 4173 511 4226 p.
526 4157 582 4210 tta.
618 4157 667 4209 Pro
680 4157 773 4210 iuliis
789 4172 865 4226 perro
883 4155 994 4224 plerique
1011 4157 1113 4209 cedices
1129 4157 1228 4210 Liviani
1245 4157 1371 4212 Tullios
1387 4160 1492 4212 babent:

329 4245 434 4313 flerique
455 4251 550 4312 potest,
570 4252 598 4296 ut
614 4242 701 4296 Livius
721 4244 775 4312 ipse
796 4252 916 4310 utresque
932 4243 1073 4310 scripserit.
1107 4243 1170 4296 b'aan
1186 4245 1252 4312 quod
1268 4243 1348 4298 'l'etttt
1368 4246 1446 4298 etiem
1467 4247 1493 4298 ia

330 4329 432 4384 Volscis
444 4338 484 4395 et,
500 4338 529 4382 ut
541 4330 653 4394 ridetur,
670 4329 797 4382 Cerniruli
813 4329 951 4397 antiquitus
962 4327 1078 4396 formet,
1095 4347 1144 4381 een
1157 4331 1253 4397 eleut,
1271 4333 1401 4399 queminus
1412 4331 1493 4384 attae

330 4432 427 4486 qnoque
438 4414 517 4468 luisse
529 4415 673 4468 credantur.
709 4415 766 4468 luli
774 4432 808 4469 er
820 4415 895 4468 etlam
905 4423 966 4466 aute
978 4416 1067 4468 atlon
1077 4432 1195 4470 eversam
1207 4417 1300 4471 bonne
1313 4418 1392 4471 luisse
1404 4433 1494 4469 neme

332 4504 367 4557 tie
380 4503 411 4555 de
423 4501 486 4556 lulio
498 4502 606 4554 Proculo
618 4503 701 4565 oleret,
713 4500 768 4554 biv.
780 4501 799 4567 l,
813 4496 852 4565 ld,
864 4501 892 4553 b:
908 4501 1008 4554 seilicet
1019 4517 1079 4571 perr
1090 4504 1174 4570 gentle
1191 4505 1238 4557 sub
1249 4505 1356 4558 llomule
1367 4503 1392 4556 ie
1405 4518 1495 4556 neren

332 4589 418 4642 urbem
434 4589 571 4654 migrasse,
587 4603 646 4657 pere
662 4589 813 4642 remandare
830 4587 911 4642 attae
925 4588 1086 4642 eredebetnr.
1121 4590 1244 4644 Similiter
1257 4593 1290 4644 de
1306 4589 1426 4654 Geganiir
1442 4597 1496 4643 rte·

333 4675 460 4739 nemum,
477 4675 598 4744 siquidem
611 4672 724 4742 Gerania
735 4673 847 4730 Vestalis
859 4675 908 4728 iarn
918 4674 967 4727 aab
977 4674 1059 4730 Narra
1070 4685 1238 4744 ueneratur,
1254 4675 1320 4730 litat.
1331 4674 1405 4729 nan.
1417 4691 1441 4730 e.
1455 4674 1496 4728 to.

1251 4763 1272 4828 ³
