3792 5609
880 683 921 746 'tu

303 870 382 961 ‘sire
403 870 595 945 centuriatus,
620 880 650 934 ct
673 872 928 937 scmtuaconsulta
954 870 1158 937 custodivisse.
1203 870 1334 955 [lenique
1356 890 1420 953 rap.
1444 870 1481 933 l'i

319 996 349 1059 p.
365 975 429 1041 tou
448 976 486 1042 n:
519 969 614 1041 ἐννέα
639 968 804 1062 δήμαρχοι
831 972 914 1062 περὶ
933 966 1004 1040 ὐπὸ
1022 970 1082 1039 τοῦ
1103 968 1211 1061 δήμου
1233 968 1482 1061 παρεδόθησαν.

319 1079 467 1144 Nimirum
483 1079 631 1145 eiusmodi
646 1080 761 1144 lacinus
775 1098 837 1145 non
852 1080 949 1163 potuit
963 1078 1021 1143 nisi
1036 1098 1052 1143 a
1068 1078 1198 1162 patriciis
1218 1080 1372 1143 committi.
1417 1078 1481 1142 l'el·

319 1184 378 1247 lem
397 1193 497 1247 temen
517 1184 616 1266 rraullo
630 1183 849 1265 explicatiorem
868 1183 958 1247 huius
980 1182 1021 1246 rei
1037 1183 1238 1247 narrationem
1253 1183 1290 1246 ad
1305 1202 1363 1247 uos
1378 1202 1482 1266 γιενιε·

321 1286 417 1361 nisse,
443 1296 477 1349 ut
494 1286 648 1350 diiudicari
667 1286 764 1369 aliqua
783 1294 862 1349 certa
876 1286 991 1350 rationo
1006 1294 1123 1368 posset,
1146 1287 1371 1369 perlectionem
1386 1296 1482 1351 actu·

321 1390 447 1453 multum
462 1390 501 1455 illi
517 1390 668 1455 conibusti
682 1390 743 1454 sint
757 1409 795 1453 an
810 1408 846 1453 ex
861 1390 963 1473 porculi
978 1390 1132 1465 sententia,
1146 1409 1240 1471 eaque
1253 1400 1354 1455 ntnnn
1366 1410 1382 1455 a
1394 1390 1482 1454 curiis

321 1511 360 1557 an
375 1514 391 1557 a
412 1493 551 1559 centuriis
571 1496 775 1577 pronuntiate,
793 1514 831 1557 an
847 1512 917 1558 sero
932 1494 1031 1557 omnis
1045 1512 1095 1558 res
1110 1494 1235 1556 conficta
1250 1494 1302 1569 sit,
1320 1494 1400 1577 quod
1415 1494 1481 1576 qui·

322 1598 390 1661 dena
411 1597 467 1679 ipsi
482 1596 644 1662 Niebuhrio
662 1599 724 1662 reri
738 1598 834 1662 simile
853 1597 969 1661 uidetur
986 1606 1058 1659 tum.
1075 1596 1100 1659 ll
1115 1616 1144 1678 ρ.
1161 1596 1233 1661 lud.
1277 1596 1413 1661 Ut‘nunc
1427 1608 1481 1665 est.

323 1701 395 1765 nihil
409 1720 445 1763 ex
459 1700 518 1764 isto
532 1701 599 1765 loco
613 1701 748 1765 concludi
762 1720 853 1783 posse
867 1709 998 1783 aplraret
1036 1698 1106 1763 lllud
1123 1708 1221 1763 autom
1235 1718 1291 1783 pro
1306 1710 1387 1763 certo
1403 1702 1482 1764 sssic-

323 1820 457 1877 mamus,
479 1800 586 1890 δήμον
599 1804 745 1867 Zonaram
764 1822 918 1885 nunquam
937 1802 996 1867 uisi
1011 1802 1048 1865 dc
1066 1803 1212 1867 uniuersis
1230 1802 1345 1867 risibus
1364 1804 1483 1880 dixisse,

324 1915 357 1969 ut
375 1923 437 1969 non
457 1906 625 1969 excluderet
642 1907 757 1989 plebem
776 1907 828 1969 sed
853 1906 1130 1988 comprehenderet,
1157 1904 1297 1988 patricios
1321 1915 1420 1970 autem
1447 1906 1484 1969 illi

323 1998 529 2092 εὐπατρίδας
549 2028 627 2072 csse.
672 2010 756 2073 Velut
772 2010 822 2072 lilr.
837 2009 887 2072 vlt
906 2020 971 2091 cap.
987 2010 1007 2071 9
1027 2030 1057 2092 p.
1073 2008 1175 2071 utut:
1194 2009 1231 2071 dc
1252 2008 1355 2071 Servio
1376 2008 1485 2071 Tullio:

323 2097 398 2175 alac
424 2105 510 2195 πρὸς
536 2103 725 2196 θεραπείαν
748 2106 809 2175 coti
831 2105 938 2198 δήμου
960 2106 1138 2195 ἐτράπετο,
1165 2102 1211 2188 de
1236 2106 1344 2196 ρᾷστα
1363 2104 1487 2192 μᾶλλον

323 2208 381 2277 τὸν
407 2204 527 2294 ὅμιλον
552 2203 576 2299 ii
599 2208 678 2291 τούς
703 2205 909 2297 εὐπατρίδας
933 2206 1237 2302 ὖποποιήσόμενος.
1285 2214 1405 2277 l'oterat
1430 2214 1487 2277 hoc

325 2316 407 2380 nullo
422 2316 587 2379 sententiae
601 2317 772 2381 discrimino
787 2318 826 2381 ita
840 2317 912 2380 dici:
934 2308 981 2394 ὥς
1002 2314 1109 2404 ῥᾷστα
1129 2311 1254 2397 μᾶλλον
1267 2312 1387 2380 τοῦτον
1401 2316 1444 2396 (lc
1459 2336 1486 2377 e.

324 2415 382 2484 τὸν
404 2415 520 2505 δῆμον)
543 2408 566 2505 ή
586 2413 664 2497 τούς
677 2411 751 2483 εὐπ.
767 2410 875 2484 ὐποπ.
918 2420 1019 2483 Paullo
1035 2429 1105 2501 post
1119 2438 1148 2501 p.
1165 2419 1227 2483 ttt
1242 2420 1282 2482 t:
1305 2409 1352 2497 ιύς
1371 2413 1410 2482 δι’
1426 2438 1487 2497 χα-

326 2518 437 2599 λεπῶς
458 2510 547 2601 είχον
568 2513 601 2586 οἱ
622 2512 823 2607 εὐπατρίδαι
841 2514 932 2607 αὐτῷ
953 2556 995 2569 -
1016 2514 1209 2605 σοναγαγιύν
1221 2516 1279 2585 τὸν
1292 2516 1399 2606 δῆμον
1411 2514 1488 2607 ttr-

325 2618 504 2711 μηγδρησι,
526 2634 556 2689 et
570 2625 672 2707 paucis
687 2625 861 2688 interiectis:
883 2619 941 2690 τὸν
960 2618 1021 2706 μὲν
1042 2612 1099 2689 οὐν
1113 2614 1232 2704 δ’γιιλον
1246 2615 1385 2701 οὐτωςδ
1405 2618 1488 2688 Τίλ-

326 2723 399 2805 λιος
421 2719 623 2814 ᾠκειώσατο.
667 2727 780 2790 Eodem
798 2727 876 2791 liluro
896 2748 961 2809 cap.
981 2728 1018 2791 ta
1034 2747 1064 2811 p.
1079 2726 1181 2790 tant
1201 2726 1237 2788 de
1257 2727 1413 2790 dictatore:
1435 2723 1489 2790 δι-

326 2824 441 2909 κάζειν
462 2825 500 2895 δι’
521 2822 581 2893 καὶ
602 2819 814 2892 ἀποκτείνειν
830 2824 889 2894 καί
904 2822 994 2895 οἴκοι
1010 2823 1069 2893 καὶ
1082 2822 1118 2893 ἓν
1131 2821 1321 2914 στρατείαις
1334 2818 1490 2913 ήδύνατο,

326 2928 386 2997 καὶ
412 2923 452 2999 οὐ
472 2925 550 3010 τούς
570 2926 630 2995 τοῦ
652 2926 761 3019 δήμου
781 2926 918 3015 μόνους,
944 2924 1030 2996 ἀλλὰ
1051 2926 1108 2996 καί
1131 2926 1169 2998 δν
1191 2928 1256 2996 τῶν
1276 2922 1412 2997 ἱππίων
1432 2926 1491 2995 καὶ

326 3030 365 3113 ἐξ
379 3027 482 3123 αὐτής
495 3030 555 3123 τής
575 3030 699 3120 βουλῆς
733 3034 840 3099 ‚Etiam
855 3055 919 3118 cap.
938 3037 977 3100 ll
994 3056 1022 3119 p.
1039 3036 1101 3099 255
1116 3036 1154 3100 ll:
1180 3030 1257 3101 τότε
1277 3029 1338 3117 μίν
1359 3020 1417 3099 οὐν
1438 3030 1492 3099 δι-

326 3132 494 3223 κτάτωρος
514 3131 689 3221 γενομένου
712 3128 809 3202 οὐδὲν
829 3128 849 3201 δ
872 3135 978 3224 δῆμος
1001 3132 1219 3224 ἐνεωτέρισεν.
1264 3140 1304 3203 lte
1330 3140 1433 3201 eaelum
1459 3158 1491 3201 re

326 3241 427 3305 livius
441 3241 468 3304 ll
482 3260 547 3323 cap.
566 3240 619 3305 ts:
641 3240 746 3305 Creoto
761 3242 901 3305 dictatore
919 3277 962 3289 -
980 3262 1106 3325 οιαριιιο
1121 3242 1235 3326 plebem
1257 3254 1348 3305 eretur
1367 3244 1489 3313 t'rteearit.

252 3378 255 3384 ·
326 3346 407 3429 quod
423 3363 513 3428 cluam
528 3354 608 3408 recte
622 3344 734 3409 dictum
749 3344 790 3409 sit
804 3344 868 3428 ipse
883 3344 1061 3409 Nielrulnius
1083 3346 1169 3409 «locet
1184 3356 1255 3408 tom.
1272 3346 1284 3408 l
1300 3365 1328 3427 γι.
1345 3345 1407 3408 usu
1423 3364 1488 3425 sqq.

326 3449 427 3513 Paullo
449 3448 524 3511 intra
544 3448 582 3513 dc
601 3449 772 3513 accessione
791 3448 887 3531 plelris
908 3449 939 3514 in
958 3458 1090 3513 montem
1111 3468 1244 3512 sacrum:
1273 3439 1293 3511 δ
1314 3443 1421 3531 δήριος
1441 3438 1490 3523 είς

325 3545 446 3616 στάσιν
466 3543 645 3638 ήρίθιστο,
667 3563 698 3615 et
711 3572 781 3615 mor
796 3554 929 3617 l'nlerius
943 3553 1048 3616 constal
1063 3561 1199 3615 senatum
1214 3550 1292 3632 atiud
1307 3550 1423 3632 plebem
1438 3570 1489 3613 ac·

327 3664 412 3720 cusat
432 3650 545 3720 θέλων
568 3650 618 3739 τῷ
645 3647 742 3741 δήμῳ
767 3648 977 3742 χαρίσασθαι
1004 3664 1034 3719 et
1060 3648 1294 3741 δημηγορήσας
1318 3648 1405 3737 πρὸς
1433 3648 1491 3718 τὸν

327 3754 434 3844 δήμου
454 3752 540 3820 nord
560 3754 619 3843 τῆς
638 3754 770 3845 βουλῆς.
814 3758 943 3821 Tantum
963 3758 1000 3821 de
1020 3758 1143 3822 Zonaras.
1187 3758 1291 3822 llestat
1305 3757 1426 3822 iliodori
1444 3758 1490 3821 lo·

327 3880 380 3925 cus
395 3861 445 3925 lib.
462 3860 526 3925 xlv
541 3881 605 3944 cap.
625 3860 685 3924 tta
699 3870 788 3925 extu:
811 3853 831 3926 δ
852 3856 914 3944 μὲν
929 3846 987 3925 οὐν
1001 3856 1106 3947 δήριος
1119 3862 1191 3939 τοῖς
1205 3852 1402 3947 ἔμπροσθεν
1413 3854 1492 3947 χρό-

327 3984 400 4044 νοις
420 3959 534 4031 πάντα
554 3957 763 4047 πειθόμενος
782 3960 824 4052 νή
845 3956 1002 4053 γερουσίᾳ
1022 3958 1100 4031 τδτε
1118 3962 1251 4052 πρῶτον
1271 3956 1394 4053 ήρξατο
1415 3962 1492 4031 δια-

326 4063 418 4135 λύειν
437 4065 478 4135 cd
500 4063 620 4157 κριθὲν
640 4058 709 4136 dard
728 4065 789 4157 τῆς
809 4064 1001 4157 συγκλήτου.
1046 4070 1109 4135 lloc
1124 4070 1304 4135 Niebuhrius
1320 4072 1357 4135 de
1372 4071 1492 4137 curiatis

326 4184 447 4258 patmm
461 4174 590 4239 comitiis
606 4174 810 4258 accipiendum
824 4183 923 4257 putat,
939 4192 1016 4256 quae
1031 4194 1151 4258 semper
1164 4176 1235 4240 olim
1251 4186 1374 4241 mustus
1390 4186 1492 4242 aucto-

326 4280 443 4343 ritatem
463 4278 526 4344 suis
545 4278 692 4362 suffragiis
713 4277 928 4363 comprobasse
949 4278 1085 4343 dicantur
1103 4288 1172 4344 anto
1190 4280 1269 4345 ilem
1288 4300 1364 4363 quac
1384 4302 1402 4345 a
1421 4278 1493 4346 llio-
1513 4308 1532 4359 ρ

327 4384 403 4448 doro
418 4383 577 4467 exponitur
591 4383 738 4449 actionem
752 4384 789 4447 tle
802 4382 902 4447 Fabiis
917 4382 1067 4448 Gallorum
1082 4384 1227 4449 vindictae
1243 4384 1404 4450 medendis.
1439 4384 1493 4449 alt·

328 4487 379 4570 qui
393 4486 542 4553 liiodorus
562 4490 619 4553 bac
636 4490 674 4553 de
692 4506 726 4552 rc
741 4506 804 4552 non
817 4485 897 4569 apud
911 4485 1052 4569 patricios
1068 4488 1121 4551 sed
1137 4490 1215 4572 apud
1230 4490 1401 4554 uniuersam
1415 4488 1493 4553 mul·

327 4590 484 4656 titudinem
504 4602 603 4657 actum
622 4612 691 4656 esse
711 4590 856 4663 ostendit,
881 4608 976 4673 quum
995 4600 1110 4675 patrem
1129 4592 1257 4658 Fabium
1275 4594 1353 4676 apud
1370 4592 1495 4677 plebeus

327 4690 422 4783 παρδ
446 4693 519 4774 τοῖς
539 4687 723 4783 πλήθεσιν,
748 4694 913 4779 gratiosum
941 4694 1036 4761 trisse
1062 4696 1159 4762 undat
1178 4716 1275 4783 eoque
1296 4696 1431 4763 etiecissc
1455 4712 1494 4759 ne
1620 4748 1623 4755 ,
1712 4674 1713 4685 ¹
