3792 5609
343 1973 351 2013 '
637 1977 694 2068 tlt}
726 1973 1061 2070 luuntullutus.

335 2263 437 2354 Quum
452 2276 544 2340 multa
559 2275 664 2340 sintin
679 2278 867 2359 antiquorum
884 2287 1052 2360 temponrm
1064 2280 1187 2342 lristoria
1199 2293 1321 2362 propter
1332 2281 1429 2363 ipsam
1449 2299 1466 2351 2

261 2389 436 2444 uetustatem
451 2388 774 2462 monumentorumque*
786 2390 837 2442 aut
850 2379 996 2441 delectum
1012 2389 1062 2442 aut
1076 2381 1252 2460 paucitatem
1266 2394 1296 2446 et
1311 2384 1429 2446 irrccrti-

262 2483 393 2546 tudinem
409 2482 638 2556 obscurissima,
661 2492 724 2546 tum
745 2481 816 2544 nibil
842 2483 901 2543 lere
914 2481 1105 2546 densioribus
1123 2485 1251 2547 tenebris
1266 2486 1428 2548 imolutmu

260 2607 326 2648 esse
341 2587 425 2660 solet,
446 2605 536 2667 quarn
552 2585 659 2667 stirpes
676 2583 855 2666 populorum
871 2584 1050 2666 ultimaeque
1064 2586 1204 2666 origines,
1221 2587 1430 2670 civitatunupue

262 2699 346 2752 ortus
361 2697 390 2751 et
404 2688 559 2770 principia,
575 2687 605 2751 in
621 2707 696 2770 quas
711 2707 759 2751 res
774 2696 807 2750 ut
818 2687 944 2770 quisque
956 2688 1177 2769 diligentissime
1188 2701 1216 2753 et
1227 2691 1430 2755 sollertissime

260 2791 450 2874 inquisiturit,
467 2793 506 2856 ita
522 2791 694 2874 planissime
709 2801 818 2856 certarm
830 2791 1009 2874 cognitionis
1020 2795 1115 2857 lucem
1127 2794 1299 2877 plerumque
1310 2815 1349 2858 ne
1359 2816 1429 2878 spe·

261 2897 319 2958 rari
341 2895 460 2979 quidenna
480 2915 569 2977 posse.
590 2895 736 2977 intelliget
781 2895 839 2958 Secl
856 2896 932 2959 inest
947 2905 1045 2959 tarrren
1061 2897 1169 2979 aliquicl
1185 2899 1215 2960 in
1230 2898 1295 2980 ipsa
1311 2900 1357 2963 illa
1371 2901 1428 2964 ob·

261 2999 411 3070 scuritate,
424 3017 484 3079 quo
498 2999 534 3062 acl
546 2999 705 3080 quaereucli
717 3008 747 3060 et
759 2999 942 3061 coniectandi
954 2999 1116 3080 periculum
1130 3000 1326 3080 plurimorum
1338 3003 1429 3066 animi

261 3101 449 3164 stimulentur
463 3111 493 3162 ct
507 3099 685 3172 alliciantur,
706 3120 798 3182 quum
814 3120 874 3182 quo
890 3101 1016 3182 quisquo
1030 3101 1142 3163 maiore
1157 3102 1215 3165 reci
1230 3103 1430 3184 cognoscendi

261 3203 361 3265 studio
383 3201 522 3267 irroensus
542 3212 602 3278 est,
624 3212 705 3267 nanto
725 3204 842 3284 aegrius
861 3213 922 3266 mm
943 3205 1034 3266 multa
1053 3204 1160 3266 nesciri
1181 3207 1268 3276 ierat,
1291 3227 1327 3270 ac
1345 3208 1431 3270 multi
1505 3237 1512 3247 ·

261 3305 349 3368 etiam
365 3305 455 3368 nimia
470 3305 598 3388 quadam
615 3305 724 3387 ingenii
740 3315 768 3369 et
782 3306 933 3369 doctrinae
948 3304 1054 3368 liriucia
1065 3307 1133 3389 palus
1144 3327 1161 3370 a
1173 3327 1205 3368 sc
1216 3327 1306 3391 quam
1317 3329 1334 3372 a
1346 3311 1429 3390 prio-

261 3409 346 3471 ribus
362 3408 398 3471 atl
414 3408 612 3490 dispellenclas
627 3409 690 3472 illas
706 3409 843 3472 tenebras
858 3408 933 3471 ellici
949 3428 1041 3489 posse
1056 3410 1139 3472 lacilo
1151 3411 1209 3471 sibi
1224 3413 1430 3490 persuadeant.

261 3511 298 3573 Et
317 3529 389 3574 sano
408 3511 434 3575 si
453 3512 521 3592 quis
541 3512 714 3575 huiusmodi
735 3521 875 3585 conaurs,
895 3511 996 3592 quales
1016 3532 1032 3573 a
1049 3511 1184 3590 plurimis
1197 3513 1280 3574 omni
1296 3521 1430 3594 terrmore

261 3614 392 3697 suscepti
407 3623 488 3688 sunt,
510 3613 607 3694 paullo
623 3615 790 3677 accinctius
805 3613 960 3683 examinet,
975 3611 1047 3674 nibil
1061 3610 1174 3673 facilius
1188 3632 1256 3675 esse
1270 3615 1427 3695 perspiciet
1530 3671 1534 3678 .

260 3735 350 3798 quarn
374 3734 468 3779 noras
488 3717 525 3778 (le
550 3715 640 3777 rebus
665 3723 808 3778 vetustate
831 3713 998 3777 obscuratis
1022 3712 1207 3775 conanrinisci
1233 3715 1428 3788 cucumeres,

259 3837 369 3900 easque
384 3816 531 3899 probabili
547 3815 674 3896 quadam
687 3815 952 3897 argumentationis
965 3822 995 3877 et
1008 3813 1249 3878 testimoniorum
1263 3819 1364 3899 specie
1377 3839 1430 3881 er·

262 3938 382 3992 ornare,
403 3930 437 3984 ut
456 3921 565 3981 lamam
585 3917 713 3998 aliquam
729 3917 836 3997 ingenii
851 3926 880 3980 et
895 3917 983 3978 sidem
998 3917 1176 3980 commentis
1190 3919 1255 3981 suis
1270 3919 1349 4002 apucl
1365 3924 1429 3984 mt-

219 4077 221 4082 .
261 4040 332 4100 gum
344 4021 502 4094 inveniant,
518 4025 697 4102 quamquam
710 4019 826 4083 brevem
839 4020 915 4082 illam
929 4018 1101 4099 plemmquc
1110 4029 1141 4080 et
1151 4019 1304 4093 unumne,
1319 4022 1431 4106 quippe
1464 4047 1468 4053 ·

262 4124 309 4186 cui
329 4125 451 4187 celerem
471 4143 541 4186 mox
560 4123 710 4186 interitum
730 4123 853 4186 aliarum
873 4120 1109 4184 conlectruarum
1128 4139 1191 4184 non
1206 4123 1306 4187 tainus
1321 4124 1431 4188 scutoet

263 4226 415 4308 ingeniose
430 4225 614 4289 iuvencarum
629 4235 659 4289 et
668 4234 876 4289 exomatamm
887 4223 1003 4287 ueritas
1014 4225 1124 4296 alterat,
1140 4225 1237 4289 donec
1247 4227 1350 4308 paucis
1360 4237 1432 4310 post

263 4329 350 4394 annis
366 4329 468 4393 eadem
484 4329 594 4411 pariter
607 4347 712 4392 omnes
728 4326 875 4391 oblivione
890 4326 1065 4389 clamantur.

348 4432 428 4498 llaec
442 4433 541 4504 nobis,
553 4430 779 4505 commilitones,
794 4439 823 4493 et
834 4428 905 4493 alias
917 4449 1143 4512 saepenumero,
1158 4441 1188 4495 et
1198 4451 1295 4514 nupcr
1305 4433 1432 4497 maxime

264 4535 294 4598 in
309 4547 438 4600 menum
454 4543 611 4609 sanorum,
634 4552 727 4617 cpuum
743 4533 774 4596 in
788 4532 969 4614 explicandis
983 4534 1189 4598 llomanomnr
1206 4537 1430 4619 antiquitatibus

263 4640 300 4702 cle
314 4639 417 4721 populi
431 4638 527 4702 Latini
543 4637 708 4720 originibus
728 4635 884 4700 clicenclum
901 4646 990 4700 esset
1033 4638 1136 4701 bobis
1152 4638 1232 4702 enim
1247 4650 1277 4702 et
1290 4640 1328 4702 cle
1342 4639 1431 4703 labu-

261 4742 336 4808 losis
356 4742 410 4808 illis
430 4743 481 4826 qui
501 4741 695 4825 perhibentur
714 4739 928 4822 Aboriginibus
949 4748 1011 4805 tam
1029 4741 1121 4805 mnu
1140 4750 1170 4805 et
1189 4742 1260 4806 olim
1280 4751 1311 4806 et
1328 4753 1431 4806 nostn

1211 4847 1226 4908 1
