<?xml version="1.0" encoding="UTF-8"?>
<!DOCTYPE html PUBLIC "-//W3C//DTD XHTML 1.0 Transitional//EN"
    "http://www.w3.org/TR/xhtml1/DTD/xhtml1-transitional.dtd">
<html xmlns="http://www.w3.org/1999/xhtml" xml:lang="en" lang="en">
 <head>
  <title>
</title>
<meta http-equiv="Content-Type" content="text/html;charset=utf-8" />
  <meta name='ocr-system' content='tesseract 3.04.00' />
  <meta name='ocr-capabilities' content='ocr_page ocr_carea ocr_par ocr_line ocrx_word'/>
</head>
<body>
  <div class='ocr_page' id='page_1' title='image "./opusculaacademi02schgoog_0149.png"; bbox 0 0 3792 5609; ppageno 0'>
   <div class='ocr_carea' id='block_1_1' title="bbox 948 776 1009 839">
    <p class='ocr_par' dir='ltr' id='par_1_1' title="bbox 948 776 1009 839">
     <span class='ocr_line' id='line_1_1' title="bbox 948 776 1009 839; baseline 0 0"><span class='ocrx_word' id='word_1_1' title='bbox 948 776 1009 839; x_wconf 80' lang='lat'>120</span> 
     </span>
    </p>
   </div>
   <div class='ocr_carea' id='block_1_2' title="bbox 346 968 1575 4468">
    <p class='ocr_par' dir='ltr' id='par_1_2' title="bbox 346 968 1575 4468">
     <span class='ocr_line' id='line_1_2' title="bbox 393 968 1559 1053; baseline -0.002 -18"><span class='ocrx_word' id='word_1_2' title='bbox 393 983 478 1036; x_wconf 82' lang='lat' dir='ltr'>aucta</span> <span class='ocrx_word' id='word_1_3' title='bbox 497 971 549 1047; x_wconf 87' lang='lat' dir='ltr'>sit,</span> <span class='ocrx_word' id='word_1_4' title='bbox 569 970 655 1034; x_wconf 85' lang='lat' dir='ltr'>euius</span> <span class='ocrx_word' id='word_1_5' title='bbox 673 969 715 1032; x_wconf 89' lang='lat' dir='ltr'>rei</span> <span class='ocrx_word' id='word_1_6' title='bbox 735 968 847 1050; x_wconf 85' lang='lat' dir='ltr'>aliquot</span> <span class='ocrx_word' id='word_1_7' title='bbox 865 969 1001 1050; x_wconf 75' lang='lat' dir='ltr'>quamvis</span> <span class='ocrx_word' id='word_1_8' title='bbox 1021 969 1148 1033; x_wconf 85' lang='lat' dir='ltr'>obscura</span> <span class='ocrx_word' id='word_1_9' title='bbox 1169 968 1276 1033; x_wconf 87' lang='lat' dir='ltr'>iudicia</span> <span class='ocrx_word' id='word_1_10' title='bbox 1291 980 1467 1053; x_wconf 78' lang='lat' dir='ltr'><strong>supersunt,</strong></span> <span class='ocrx_word' id='word_1_11' title='bbox 1486 970 1559 1033; x_wconf 86' lang='lat' dir='ltr'>baec</span> 
     </span>
     <span class='ocr_line' id='line_1_3' title="bbox 392 1072 1559 1156; baseline -0.003 -17"><span class='ocrx_word' id='word_1_12' title='bbox 392 1094 475 1139; x_wconf 88' lang='lat' dir='ltr'>nunc</span> <span class='ocrx_word' id='word_1_13' title='bbox 493 1073 610 1136; x_wconf 84' lang='lat' dir='ltr'>silentio</span> <span class='ocrx_word' id='word_1_14' title='bbox 630 1072 824 1154; x_wconf 69' lang='lat' dir='ltr'>praetermitti</span> <span class='ocrx_word' id='word_1_15' title='bbox 840 1082 981 1155; x_wconf 84' lang='lat' dir='ltr'>possunt,</span> <span class='ocrx_word' id='word_1_16' title='bbox 1001 1072 1243 1156; x_wconf 77' lang='lat' dir='ltr'>quandoquidem</span> <span class='ocrx_word' id='word_1_17' title='bbox 1260 1072 1360 1137; x_wconf 87' lang='lat' dir='ltr'>omnia</span> <span class='ocrx_word' id='word_1_18' title='bbox 1375 1094 1411 1137; x_wconf 91' lang='lat' dir='ltr'>eo</span> <span class='ocrx_word' id='word_1_19' title='bbox 1425 1073 1559 1147; x_wconf 88' lang='lat' dir='ltr'>redeunt,</span> 
     </span>
     <span class='ocr_line' id='line_1_4' title="bbox 393 1176 1560 1260; baseline -0.001 -18"><span class='ocrx_word' id='word_1_20' title='bbox 393 1188 426 1242; x_wconf 92' lang='lat' dir='ltr'>ut</span> <span class='ocrx_word' id='word_1_21' title='bbox 444 1177 601 1260; x_wconf 77' lang='lat' dir='ltr'><strong>probabile</strong></span> <span class='ocrx_word' id='word_1_22' title='bbox 622 1176 676 1251; x_wconf 85' lang='lat' dir='ltr'>sit,</span> <span class='ocrx_word' id='word_1_23' title='bbox 695 1177 769 1240; x_wconf 84' lang='lat' dir='ltr'>lraec</span> <span class='ocrx_word' id='word_1_24' title='bbox 788 1186 944 1259; x_wconf 77' lang='lat' dir='ltr'>augmenta</span> <span class='ocrx_word' id='word_1_25' title='bbox 964 1195 1026 1241; x_wconf 90' lang='lat' dir='ltr'>non</span> <span class='ocrx_word' id='word_1_26' title='bbox 1047 1178 1110 1241; x_wconf 85' lang='lat' dir='ltr'>sine</span> <span class='ocrx_word' id='word_1_27' title='bbox 1125 1177 1221 1241; x_wconf 92' lang='lat' dir='ltr'>turbis</span> <span class='ocrx_word' id='word_1_28' title='bbox 1237 1198 1271 1241; x_wconf 88' lang='lat' dir='ltr'>ac</span> <span class='ocrx_word' id='word_1_29' title='bbox 1286 1176 1497 1242; x_wconf 78' lang='lat' dir='ltr'>certaminibus</span> <span class='ocrx_word' id='word_1_30' title='bbox 1513 1176 1560 1241; x_wconf 92' lang='lat' dir='ltr'>in·</span> 
     </span>
     <span class='ocr_line' id='line_1_5' title="bbox 393 1280 1561 1363; baseline -0.001 -19"><span class='ocrx_word' id='word_1_31' title='bbox 393 1280 511 1344; x_wconf 77' lang='lat' dir='ltr'>testinis</span> <span class='ocrx_word' id='word_1_32' title='bbox 536 1292 721 1363; x_wconf 78' lang='lat' dir='ltr'>consequuta</span> <span class='ocrx_word' id='word_1_33' title='bbox 746 1302 830 1356; x_wconf 83' lang='lat' dir='ltr'>esse,</span> <span class='ocrx_word' id='word_1_34' title='bbox 856 1281 942 1345; x_wconf 85' lang='lat' dir='ltr'>cuius</span> <span class='ocrx_word' id='word_1_35' title='bbox 962 1282 1004 1345; x_wconf 88' lang='lat' dir='ltr'>rei</span> <span class='ocrx_word' id='word_1_36' title='bbox 1029 1300 1123 1346; x_wconf 82' lang='lat' dir='ltr'>untrm</span> <span class='ocrx_word' id='word_1_37' title='bbox 1148 1284 1359 1345; x_wconf 78' lang='lat' dir='ltr'>documentum</span> <span class='ocrx_word' id='word_1_38' title='bbox 1382 1284 1504 1345; x_wconf 89' lang='lat' dir='ltr'>aliertur</span> <span class='ocrx_word' id='word_1_39' title='bbox 1526 1300 1561 1343; x_wconf 81' lang='lat' dir='ltr'>ex</span> 
     </span>
     <span class='ocr_line' id='line_1_6' title="bbox 394 1385 1561 1469; baseline -0.002 -20"><span class='ocrx_word' id='word_1_40' title='bbox 394 1385 548 1449; x_wconf 77' lang='lat' dir='ltr'>arnstoriis</span> <span class='ocrx_word' id='word_1_41' title='bbox 563 1385 785 1449; x_wconf 69' lang='lat' dir='ltr'>narrationibus</span> <span class='ocrx_word' id='word_1_42' title='bbox 800 1387 996 1461; x_wconf 82' lang='lat' dir='ltr'>l’lutarcbeis,</span> <span class='ocrx_word' id='word_1_43' title='bbox 1011 1406 1075 1469; x_wconf 85' lang='lat' dir='ltr'>rap.</span> <span class='ocrx_word' id='word_1_44' title='bbox 1089 1388 1119 1464; x_wconf 86' lang='lat'>5,</span> <span class='ocrx_word' id='word_1_45' title='bbox 1133 1389 1170 1450; x_wconf 92' lang='lat' dir='ltr'>de</span> <span class='ocrx_word' id='word_1_46' title='bbox 1181 1386 1304 1469; x_wconf 78' lang='lat' dir='ltr'>dleippo</span> <span class='ocrx_word' id='word_1_47' title='bbox 1319 1386 1561 1467; x_wconf 66' lang='lat' dir='ltr'>quorumquam</span> 
     </span>
     <span class='ocr_line' id='line_1_7' title="bbox 394 1488 1561 1573; baseline -0.002 -20"><span class='ocrx_word' id='word_1_48' title='bbox 394 1509 488 1573; x_wconf 66' lang='lat' dir='ltr'>eruum</span> <span class='ocrx_word' id='word_1_49' title='bbox 511 1488 672 1552; x_wconf 77' lang='lat' dir='ltr'>adversarii</span> <span class='ocrx_word' id='word_1_50' title='bbox 694 1507 743 1551; x_wconf 84' lang='lat' dir='ltr'>res</span> <span class='ocrx_word' id='word_1_51' title='bbox 764 1509 857 1554; x_wconf 82' lang='lat' dir='ltr'>noras</span> <span class='ocrx_word' id='word_1_52' title='bbox 877 1490 976 1553; x_wconf 89' lang='lat' dir='ltr'>moliri</span> <span class='ocrx_word' id='word_1_53' title='bbox 997 1490 1237 1565; x_wconf 86' lang='lat' dir='ltr'>criminarentur,</span> <span class='ocrx_word' id='word_1_54' title='bbox 1265 1488 1370 1571; x_wconf 89' lang='lat' dir='ltr'>epbori</span> <span class='ocrx_word' id='word_1_55' title='bbox 1389 1506 1451 1551; x_wconf 91' lang='lat' dir='ltr'>non</span> <span class='ocrx_word' id='word_1_56' title='bbox 1471 1489 1561 1552; x_wconf 90' lang='lat' dir='ltr'>modo</span> 
     </span>
     <span class='ocr_line' id='line_1_8' title="bbox 396 1590 1563 1675; baseline -0.003 -19"><span class='ocrx_word' id='word_1_57' title='bbox 396 1596 496 1675; x_wconf 87' lang='lat' dir='ltr'>ipsum</span> <span class='ocrx_word' id='word_1_58' title='bbox 512 1592 820 1656; x_wconf 66' lang='lat' dir='ltr'>walemont-erimar</span> <span class='ocrx_word' id='word_1_59' title='bbox 835 1594 864 1655; x_wconf 91' lang='lat' dir='ltr'>in</span> <span class='ocrx_word' id='word_1_60' title='bbox 880 1594 999 1657; x_wconf 86' lang='lat' dir='ltr'>exilium</span> <span class='ocrx_word' id='word_1_61' title='bbox 1015 1594 1058 1655; x_wconf 90' lang='lat' dir='ltr'>ire</span> <span class='ocrx_word' id='word_1_62' title='bbox 1071 1592 1234 1673; x_wconf 77' lang='lat' dir='ltr'>adegerint,</span> <span class='ocrx_word' id='word_1_63' title='bbox 1259 1592 1310 1655; x_wconf 87' lang='lat' dir='ltr'>sed</span> <span class='ocrx_word' id='word_1_64' title='bbox 1326 1592 1414 1655; x_wconf 87' lang='lat' dir='ltr'>etiam</span> <span class='ocrx_word' id='word_1_65' title='bbox 1430 1590 1460 1653; x_wconf 90' lang='lat' dir='ltr'>in</span> <span class='ocrx_word' id='word_1_66' title='bbox 1475 1590 1563 1655; x_wconf 90' lang='lat' dir='ltr'>lami·</span> 
     </span>
     <span class='ocr_line' id='line_1_9' title="bbox 346 1680 1564 1778; baseline -0.009 -11"><span class='ocrx_word' id='word_1_67' title='bbox 346 1713 379 1767; x_wconf 80' lang='lat'>12</span> <span class='ocrx_word' id='word_1_68' title='bbox 397 1680 466 1763; x_wconf 75' lang='lat' dir='ltr'>liant</span> <span class='ocrx_word' id='word_1_69' title='bbox 480 1696 546 1761; x_wconf 83' lang='lat' dir='ltr'>eius</span> <span class='ocrx_word' id='word_1_70' title='bbox 561 1696 730 1773; x_wconf 72' lang='lat' dir='ltr'>saevierint,</span> <span class='ocrx_word' id='word_1_71' title='bbox 744 1697 900 1778; x_wconf 88' lang='lat' dir='ltr'>puldiratis</span> <span class='ocrx_word' id='word_1_72' title='bbox 917 1697 1103 1762; x_wconf 77' lang='lat' dir='ltr'>facultatibus</span> <span class='ocrx_word' id='word_1_73' title='bbox 1119 1694 1341 1778; x_wconf 82' lang='lat' dir='ltr'>interdietoque,</span> <span class='ocrx_word' id='word_1_74' title='bbox 1356 1713 1398 1757; x_wconf 91' lang='lat' dir='ltr'>ne</span> <span class='ocrx_word' id='word_1_75' title='bbox 1409 1693 1477 1776; x_wconf 85' lang='lat' dir='ltr'>quis</span> <span class='ocrx_word' id='word_1_76' title='bbox 1490 1694 1564 1757; x_wconf 83' lang='lat' dir='ltr'>idias</span> 
     </span>
     <span class='ocr_line' id='line_1_10' title="bbox 397 1798 1564 1882; baseline -0.003 -17"><span class='ocrx_word' id='word_1_77' title='bbox 397 1802 430 1866; x_wconf 89' lang='lat' dir='ltr'>iu</span> <span class='ocrx_word' id='word_1_78' title='bbox 458 1800 684 1865; x_wconf 85' lang='lat' dir='ltr'>uratrimonium</span> <span class='ocrx_word' id='word_1_79' title='bbox 714 1802 844 1864; x_wconf 71' lang='grc' dir='ltr'><strong><em>ουσιαι.</em></strong></span> <span class='ocrx_word' id='word_1_80' title='bbox 889 1801 996 1864; x_wconf 76' lang='lat' dir='ltr'>Perisse</span> <span class='ocrx_word' id='word_1_81' title='bbox 1025 1800 1114 1882; x_wconf 83' lang='lat' dir='ltr'>igitur</span> <span class='ocrx_word' id='word_1_82' title='bbox 1144 1798 1263 1863; x_wconf 86' lang='lat' dir='ltr'>coniicit</span> <span class='ocrx_word' id='word_1_83' title='bbox 1287 1798 1445 1881; x_wconf 80' lang='lat' dir='ltr'>blcippum</span> <span class='ocrx_word' id='word_1_84' title='bbox 1470 1816 1564 1861; x_wconf 90' lang='lat' dir='ltr'>unum</span> 
     </span>
     <span class='ocr_line' id='line_1_11' title="bbox 397 1904 1565 1987; baseline -0.003 -18"><span class='ocrx_word' id='word_1_85' title='bbox 397 1926 518 1981; x_wconf 86' lang='lat' dir='ltr'>eorum,</span> <span class='ocrx_word' id='word_1_86' title='bbox 537 1904 589 1987; x_wconf 81' lang='grc' dir='ltr'>ιμιί</span> <span class='ocrx_word' id='word_1_87' title='bbox 608 1905 749 1987; x_wconf 81' lang='lat' dir='ltr'>eplaoriae</span> <span class='ocrx_word' id='word_1_88' title='bbox 764 1913 942 1987; x_wconf 72' lang='lat' dir='ltr'>potestatem</span> <span class='ocrx_word' id='word_1_89' title='bbox 959 1905 989 1968; x_wconf 90' lang='lat' dir='ltr'>in</span> <span class='ocrx_word' id='word_1_90' title='bbox 1003 1904 1137 1969; x_wconf 83' lang='lat' dir='ltr'>ordinem</span> <span class='ocrx_word' id='word_1_91' title='bbox 1154 1924 1258 1985; x_wconf 78' lang='lat' dir='ltr'>eogere</span> <span class='ocrx_word' id='word_1_92' title='bbox 1270 1912 1461 1975; x_wconf 82' lang='lat' dir='ltr'>conarentur,</span> <span class='ocrx_word' id='word_1_93' title='bbox 1482 1920 1565 1965; x_wconf 86' lang='lat' dir='ltr'>eam·</span> 
     </span>
     <span class='ocr_line' id='line_1_12' title="bbox 399 2008 1565 2093; baseline -0.003 -21"><span class='ocrx_word' id='word_1_94' title='bbox 399 2031 458 2093; x_wconf 86' lang='grc' dir='ltr'><strong><em>ιμιι·</em></strong></span> <span class='ocrx_word' id='word_1_95' title='bbox 479 2009 573 2073; x_wconf 85' lang='lat' dir='ltr'>luisse</span> <span class='ocrx_word' id='word_1_96' title='bbox 596 2029 715 2071; x_wconf 79' lang='lat' dir='ltr'>causarer</span> <span class='ocrx_word' id='word_1_97' title='bbox 739 2020 837 2072; x_wconf 88' lang='lat' dir='ltr'>tantae</span> <span class='ocrx_word' id='word_1_98' title='bbox 857 2008 1012 2085; x_wconf 67' lang='lat' dir='ltr'>saeuitiam</span> <span class='ocrx_word' id='word_1_99' title='bbox 1037 2028 1096 2091; x_wconf 87' lang='lat' dir='ltr'>qua</span> <span class='ocrx_word' id='word_1_100' title='bbox 1115 2008 1300 2082; x_wconf 83' lang='lat' dir='ltr'>coniectura,</span> <span class='ocrx_word' id='word_1_101' title='bbox 1326 2026 1418 2090; x_wconf 84' lang='lat' dir='ltr'>quum</span> <span class='ocrx_word' id='word_1_102' title='bbox 1439 2025 1565 2091; x_wconf 85' lang='lat' dir='ltr'>prorsus</span> 
     </span>
     <span class='ocr_line' id='line_1_13' title="bbox 401 2111 1460 2194; baseline -0.004 -17"><span class='ocrx_word' id='word_1_103' title='bbox 401 2115 512 2177; x_wconf 86' lang='lat' dir='ltr'>ineerta</span> <span class='ocrx_word' id='word_1_104' title='bbox 528 2113 576 2186; x_wconf 89' lang='lat' dir='ltr'>sit,</span> <span class='ocrx_word' id='word_1_105' title='bbox 592 2112 665 2176; x_wconf 87' lang='lat' dir='ltr'>nibil</span> <span class='ocrx_word' id='word_1_106' title='bbox 680 2113 716 2175; x_wconf 90' lang='lat' dir='ltr'>ad</span> <span class='ocrx_word' id='word_1_107' title='bbox 732 2112 874 2175; x_wconf 75' lang='lat' dir='ltr'>historiae.</span> <span class='ocrx_word' id='word_1_108' title='bbox 889 2112 1087 2193; x_wconf 75' lang='lat' dir='ltr'>cognitionem</span> <span class='ocrx_word' id='word_1_109' title='bbox 1104 2111 1206 2193; x_wconf 90' lang='lat' dir='ltr'>proliei</span> <span class='ocrx_word' id='word_1_110' title='bbox 1222 2132 1313 2194; x_wconf 86' lang='lat' dir='ltr'>posse</span> <span class='ocrx_word' id='word_1_111' title='bbox 1329 2122 1460 2193; x_wconf 89' lang='lat' dir='ltr'>apparot.</span> 
     </span>
     <span class='ocr_line' id='line_1_14' title="bbox 485 2214 1567 2297; baseline 0 -18"><span class='ocrx_word' id='word_1_112' title='bbox 485 2218 528 2280; x_wconf 89' lang='lat' dir='ltr'>lle</span> <span class='ocrx_word' id='word_1_113' title='bbox 546 2215 690 2279; x_wconf 83' lang='lat' dir='ltr'>llorrroeis</span> <span class='ocrx_word' id='word_1_114' title='bbox 707 2226 805 2279; x_wconf 88' lang='lat' dir='ltr'>autem</span> <span class='ocrx_word' id='word_1_115' title='bbox 825 2216 946 2297; x_wconf 89' lang='lat' dir='ltr'>probari</span> <span class='ocrx_word' id='word_1_116' title='bbox 965 2236 981 2279; x_wconf 92' lang='lat' dir='ltr'>a</span> <span class='ocrx_word' id='word_1_117' title='bbox 1000 2215 1138 2277; x_wconf 90' lang='lat' dir='ltr'>Loebello</span> <span class='ocrx_word' id='word_1_118' title='bbox 1152 2214 1277 2278; x_wconf 81' lang='lat' dir='ltr'>vidimus</span> <span class='ocrx_word' id='word_1_119' title='bbox 1292 2214 1431 2278; x_wconf 84' lang='lat' dir='ltr'>Ludorici</span> <span class='ocrx_word' id='word_1_120' title='bbox 1447 2224 1567 2279; x_wconf 79' lang='lat' dir='ltr'>muten-</span> 
     </span>
     <span class='ocr_line' id='line_1_15' title="bbox 403 2317 1569 2401; baseline 0 -18"><span class='ocrx_word' id='word_1_121' title='bbox 403 2321 487 2395; x_wconf 86' lang='lat' dir='ltr'>tiam,</span> <span class='ocrx_word' id='word_1_122' title='bbox 513 2318 565 2401; x_wconf 83' lang='lat' dir='ltr'>qui</span> <span class='ocrx_word' id='word_1_123' title='bbox 584 2319 719 2383; x_wconf 87' lang='lat' dir='ltr'>ordinem</span> <span class='ocrx_word' id='word_1_124' title='bbox 738 2319 884 2401; x_wconf 75' lang='lat' dir='ltr'>quendam</span> <span class='ocrx_word' id='word_1_125' title='bbox 906 2317 1092 2401; x_wconf 89' lang='lat' dir='ltr'>optimatium</span> <span class='ocrx_word' id='word_1_126' title='bbox 1112 2337 1148 2380; x_wconf 88' lang='lat' dir='ltr'>eo</span> <span class='ocrx_word' id='word_1_127' title='bbox 1169 2318 1290 2382; x_wconf 84' lang='lat' dir='ltr'>nonaine</span> <span class='ocrx_word' id='word_1_128' title='bbox 1310 2318 1458 2401; x_wconf 74' lang='lat' dir='ltr'>designari</span> <span class='ocrx_word' id='word_1_129' title='bbox 1477 2318 1569 2383; x_wconf 82' lang='lat' dir='ltr'>voluit</span> 
     </span>
     <span class='ocr_line' id='line_1_16' title="bbox 402 2421 1567 2505; baseline 0 -18"><span class='ocrx_word' id='word_1_130' title='bbox 402 2422 547 2487; x_wconf 85' lang='lat' dir='ltr'>nobilitati</span> <span class='ocrx_word' id='word_1_131' title='bbox 566 2422 771 2485; x_wconf 79' lang='lat' dir='ltr'>Romanorum</span> <span class='ocrx_word' id='word_1_132' title='bbox 787 2422 864 2485; x_wconf 82' lang='lat' dir='ltr'>hauri</span> <span class='ocrx_word' id='word_1_133' title='bbox 880 2421 1056 2497; x_wconf 77' lang='lat' dir='ltr'>absimilem,</span> <span class='ocrx_word' id='word_1_134' title='bbox 1075 2422 1190 2503; x_wconf 82' lang='lat' dir='ltr'>qualem</span> <span class='ocrx_word' id='word_1_135' title='bbox 1207 2422 1340 2485; x_wconf 90' lang='lat' dir='ltr'>ordinem</span> <span class='ocrx_word' id='word_1_136' title='bbox 1356 2422 1431 2485; x_wconf 85' lang='lat' dir='ltr'>inter</span> <span class='ocrx_word' id='word_1_137' title='bbox 1446 2422 1567 2505; x_wconf 83' lang='lat' dir='ltr'>Sparta·</span> 
     </span>
     <span class='ocr_line' id='line_1_17' title="bbox 402 2524 1568 2609; baseline -0.003 -17"><span class='ocrx_word' id='word_1_138' title='bbox 402 2548 459 2592; x_wconf 84' lang='lat' dir='ltr'>uos</span> <span class='ocrx_word' id='word_1_139' title='bbox 478 2538 511 2589; x_wconf 85' lang='lat' dir='ltr'>et</span> <span class='ocrx_word' id='word_1_140' title='bbox 529 2525 664 2609; x_wconf 85' lang='lat' dir='ltr'>potuisse</span> <span class='ocrx_word' id='word_1_141' title='bbox 683 2524 765 2589; x_wconf 85' lang='lat' dir='ltr'>laeile</span> <span class='ocrx_word' id='word_1_142' title='bbox 783 2524 908 2589; x_wconf 77' lang='lat' dir='ltr'>existere</span> <span class='ocrx_word' id='word_1_143' title='bbox 926 2533 958 2588; x_wconf 88' lang='lat' dir='ltr'>et</span> <span class='ocrx_word' id='word_1_144' title='bbox 976 2542 1009 2587; x_wconf 87' lang='lat' dir='ltr'>re</span> <span class='ocrx_word' id='word_1_145' title='bbox 1028 2542 1094 2587; x_wconf 83' lang='lat' dir='ltr'>uera</span> <span class='ocrx_word' id='word_1_146' title='bbox 1114 2524 1245 2588; x_wconf 81' lang='lat' dir='ltr'>extitisse</span> <span class='ocrx_word' id='word_1_147' title='bbox 1262 2526 1351 2589; x_wconf 87' lang='lat' dir='ltr'>nobis</span> <span class='ocrx_word' id='word_1_148' title='bbox 1367 2544 1484 2609; x_wconf 89' lang='lat' dir='ltr'>quoque</span> <span class='ocrx_word' id='word_1_149' title='bbox 1498 2546 1568 2609; x_wconf 87' lang='lat' dir='ltr'>per·</span> 
     </span>
     <span class='ocr_line' id='line_1_18' title="bbox 403 2616 1569 2713; baseline -0.002 -17"><span class='ocrx_word' id='word_1_150' title='bbox 403 2651 527 2696; x_wconf 86' lang='lat' dir='ltr'>suasum</span> <span class='ocrx_word' id='word_1_151' title='bbox 545 2638 605 2693; x_wconf 86' lang='lat' dir='ltr'>est:</span> <span class='ocrx_word' id='word_1_152' title='bbox 630 2616 684 2695; x_wconf 79' lang='lat' dir='ltr'>sed</span> <span class='ocrx_word' id='word_1_153' title='bbox 704 2629 907 2693; x_wconf 82' lang='lat' dir='ltr'>llomoeorom</span> <span class='ocrx_word' id='word_1_154' title='bbox 925 2627 1151 2710; x_wconf 89' lang='lat' dir='ltr'>appellationem</span> <span class='ocrx_word' id='word_1_155' title='bbox 1169 2628 1217 2692; x_wconf 89' lang='lat' dir='ltr'>bis</span> <span class='ocrx_word' id='word_1_156' title='bbox 1236 2629 1426 2713; x_wconf 86' lang='lat' dir='ltr'>optimatibus</span> <span class='ocrx_word' id='word_1_157' title='bbox 1442 2630 1482 2694; x_wconf 89' lang='lat' dir='ltr'>ita</span> <span class='ocrx_word' id='word_1_158' title='bbox 1497 2650 1569 2711; x_wconf 89' lang='lat' dir='ltr'>pro·</span> 
     </span>
     <span class='ocr_line' id='line_1_19' title="bbox 402 2732 1570 2818; baseline 0 -21"><span class='ocrx_word' id='word_1_159' title='bbox 402 2735 499 2818; x_wconf 82' lang='lat' dir='ltr'>priam</span> <span class='ocrx_word' id='word_1_160' title='bbox 520 2732 626 2808; x_wconf 86' lang='lat' dir='ltr'>luisse,</span> <span class='ocrx_word' id='word_1_161' title='bbox 646 2741 679 2796; x_wconf 92' lang='lat' dir='ltr'>nt</span> <span class='ocrx_word' id='word_1_162' title='bbox 693 2733 859 2815; x_wconf 85' lang='lat' dir='ltr'>quicunque</span> <span class='ocrx_word' id='word_1_163' title='bbox 874 2751 935 2795; x_wconf 89' lang='lat' dir='ltr'>non</span> <span class='ocrx_word' id='word_1_164' title='bbox 953 2732 982 2795; x_wconf 91' lang='lat' dir='ltr'>in</span> <span class='ocrx_word' id='word_1_165' title='bbox 997 2751 1102 2795; x_wconf 85' lang='lat' dir='ltr'>eorrun</span> <span class='ocrx_word' id='word_1_166' title='bbox 1117 2751 1259 2809; x_wconf 89' lang='lat' dir='ltr'>nurnero,</span> <span class='ocrx_word' id='word_1_167' title='bbox 1279 2733 1329 2796; x_wconf 88' lang='lat' dir='ltr'>sed</span> <span class='ocrx_word' id='word_1_168' title='bbox 1345 2734 1375 2797; x_wconf 93' lang='lat' dir='ltr'>in</span> <span class='ocrx_word' id='word_1_169' title='bbox 1391 2732 1446 2797; x_wconf 90' lang='lat' dir='ltr'>illis</span> <span class='ocrx_word' id='word_1_170' title='bbox 1461 2746 1570 2809; x_wconf 85' lang='lat' dir='ltr'>essent,</span> 
     </span>
     <span class='ocr_line' id='line_1_20' title="bbox 403 2829 1570 2921; baseline 0.001 -20"><span class='ocrx_word' id='word_1_171' title='bbox 403 2858 480 2921; x_wconf 84' lang='lat' dir='ltr'>quos</span> <span class='ocrx_word' id='word_1_172' title='bbox 500 2836 673 2901; x_wconf 76' lang='lat' dir='ltr'>Aristotelea</span> <span class='ocrx_word' id='word_1_173' title='bbox 692 2829 798 2921; x_wconf 70' lang='grc' dir='ltr'><strong><em>δήμου</em></strong></span> <span class='ocrx_word' id='word_1_174' title='bbox 817 2835 938 2899; x_wconf 88' lang='lat' dir='ltr'>nomine</span> <span class='ocrx_word' id='word_1_175' title='bbox 959 2834 1116 2916; x_wconf 78' lang='lat' dir='ltr'>signifieat,</span> <span class='ocrx_word' id='word_1_176' title='bbox 1142 2836 1173 2899; x_wconf 89' lang='lat' dir='ltr'>bi</span> <span class='ocrx_word' id='word_1_177' title='bbox 1192 2854 1231 2899; x_wconf 85' lang='lat' dir='ltr'>ne</span> <span class='ocrx_word' id='word_1_178' title='bbox 1249 2836 1279 2899; x_wconf 93' lang='lat' dir='ltr'>in</span> <span class='ocrx_word' id='word_1_179' title='bbox 1295 2836 1436 2900; x_wconf 84' lang='lat' dir='ltr'>llomoeia</span> <span class='ocrx_word' id='word_1_180' title='bbox 1451 2838 1570 2919; x_wconf 84' lang='lat' dir='ltr'>qtridem</span> 
     </span>
     <span class='ocr_line' id='line_1_21' title="bbox 405 2939 1571 3022; baseline 0 -17"><span class='ocrx_word' id='word_1_181' title='bbox 405 2950 605 3016; x_wconf 72' lang='lat' dir='ltr'>oensemtur,</span> <span class='ocrx_word' id='word_1_182' title='bbox 619 2940 650 3003; x_wconf 88' lang='lat' dir='ltr'>id</span> <span class='ocrx_word' id='word_1_183' title='bbox 664 2958 735 3003; x_wconf 80' lang='lat' dir='ltr'>vero</span> <span class='ocrx_word' id='word_1_184' title='bbox 749 2939 869 3022; x_wconf 88' lang='lat' dir='ltr'>probari</span> <span class='ocrx_word' id='word_1_185' title='bbox 885 2958 976 3020; x_wconf 85' lang='lat' dir='ltr'>posse</span> <span class='ocrx_word' id='word_1_186' title='bbox 991 2958 1146 3019; x_wconf 77' lang='lat' dir='ltr'>negamus.</span> <span class='ocrx_word' id='word_1_187' title='bbox 1173 2939 1262 3015; x_wconf 84' lang='lat' dir='ltr'>Quod</span> <span class='ocrx_word' id='word_1_188' title='bbox 1277 2958 1330 3003; x_wconf 92' lang='lat' dir='ltr'>cur</span> <span class='ocrx_word' id='word_1_189' title='bbox 1345 2941 1384 3004; x_wconf 90' lang='lat' dir='ltr'>ita</span> <span class='ocrx_word' id='word_1_190' title='bbox 1399 2940 1571 3015; x_wconf 85' lang='lat' dir='ltr'>iudicemus,</span> 
     </span>
     <span class='ocr_line' id='line_1_22' title="bbox 405 3041 1572 3125; baseline 0.001 -19"><span class='ocrx_word' id='word_1_191' title='bbox 405 3044 463 3107; x_wconf 88' lang='lat' dir='ltr'>iarn</span> <span class='ocrx_word' id='word_1_192' title='bbox 483 3043 582 3125; x_wconf 77' lang='lat' dir='ltr'>paullo</span> <span class='ocrx_word' id='word_1_193' title='bbox 601 3041 765 3106; x_wconf 76' lang='lat' dir='ltr'>accuratius</span> <span class='ocrx_word' id='word_1_194' title='bbox 779 3042 981 3124; x_wconf 75' lang='lat' dir='ltr'>explicandum</span> <span class='ocrx_word' id='word_1_195' title='bbox 998 3050 1053 3104; x_wconf 85' lang='lat' dir='ltr'>est.</span> <span class='ocrx_word' id='word_1_196' title='bbox 1081 3042 1157 3105; x_wconf 91' lang='lat' dir='ltr'>Sunt</span> <span class='ocrx_word' id='word_1_197' title='bbox 1171 3062 1223 3105; x_wconf 82' lang='lat' dir='ltr'>sea</span> <span class='ocrx_word' id='word_1_198' title='bbox 1239 3041 1361 3105; x_wconf 88' lang='lat' dir='ltr'>onmino</span> <span class='ocrx_word' id='word_1_199' title='bbox 1378 3044 1413 3105; x_wconf 90' lang='lat' dir='ltr'>de</span> <span class='ocrx_word' id='word_1_200' title='bbox 1428 3044 1572 3107; x_wconf 89' lang='lat' dir='ltr'>llomoeis</span> 
     </span>
     <span class='ocr_line' id='line_1_23' title="bbox 405 3143 1571 3226; baseline 0.002 -18"><span class='ocrx_word' id='word_1_201' title='bbox 405 3146 477 3220; x_wconf 86' lang='lat' dir='ltr'>loci,</span> <span class='ocrx_word' id='word_1_202' title='bbox 495 3143 576 3207; x_wconf 90' lang='lat' dir='ltr'>unde</span> <span class='ocrx_word' id='word_1_203' title='bbox 594 3144 714 3208; x_wconf 83' lang='lat' dir='ltr'>alterius</span> <span class='ocrx_word' id='word_1_204' title='bbox 733 3143 828 3208; x_wconf 84' lang='lat' dir='ltr'>utrius</span> <span class='ocrx_word' id='word_1_205' title='bbox 848 3143 1011 3207; x_wconf 89' lang='lat' dir='ltr'>sententiae</span> <span class='ocrx_word' id='word_1_206' title='bbox 1031 3153 1202 3225; x_wconf 74' lang='lat' dir='ltr'>argumenta</span> <span class='ocrx_word' id='word_1_207' title='bbox 1221 3144 1278 3225; x_wconf 89' lang='lat' dir='ltr'>peti</span> <span class='ocrx_word' id='word_1_208' title='bbox 1298 3144 1430 3226; x_wconf 76' lang='lat' dir='ltr'>prossint:</span> <span class='ocrx_word' id='word_1_209' title='bbox 1463 3147 1571 3210; x_wconf 89' lang='lat' dir='ltr'>borum</span> 
     </span>
     <span class='ocr_line' id='line_1_24' title="bbox 406 3245 1574 3335; baseline -0.001 -23"><span class='ocrx_word' id='word_1_210' title='bbox 406 3268 484 3312; x_wconf 88' lang='lat' dir='ltr'>unus</span> <span class='ocrx_word' id='word_1_211' title='bbox 509 3254 555 3335; x_wconf 75' lang='lat' dir='ltr'>est</span> <span class='ocrx_word' id='word_1_212' title='bbox 578 3245 610 3309; x_wconf 92' lang='lat' dir='ltr'>in</span> <span class='ocrx_word' id='word_1_213' title='bbox 628 3246 837 3312; x_wconf 85' lang='lat' dir='ltr'>llemostlrenis</span> <span class='ocrx_word' id='word_1_214' title='bbox 857 3246 994 3309; x_wconf 90' lang='lat' dir='ltr'>oratione</span> <span class='ocrx_word' id='word_1_215' title='bbox 1012 3246 1166 3328; x_wconf 85' lang='lat' dir='ltr'>Leptinen,</span> <span class='ocrx_word' id='word_1_216' title='bbox 1192 3246 1383 3329; x_wconf 88' lang='lat' dir='ltr'>cuiusquam</span> <span class='ocrx_word' id='word_1_217' title='bbox 1403 3247 1511 3312; x_wconf 87' lang='lat' dir='ltr'>incerta</span> <span class='ocrx_word' id='word_1_218' title='bbox 1535 3248 1574 3312; x_wconf 90' lang='lat' dir='ltr'>sit</span> 
     </span>
     <span class='ocr_line' id='line_1_25' title="bbox 406 3348 1573 3434; baseline 0 -19"><span class='ocrx_word' id='word_1_219' title='bbox 406 3350 610 3434; x_wconf 87' lang='lat' dir='ltr'>interpretatio</span> <span class='ocrx_word' id='word_1_220' title='bbox 626 3349 685 3415; x_wconf 82' lang='lat' dir='ltr'>iana</span> <span class='ocrx_word' id='word_1_221' title='bbox 701 3368 791 3432; x_wconf 88' lang='lat' dir='ltr'>supra</span> <span class='ocrx_word' id='word_1_222' title='bbox 805 3351 1043 3414; x_wconf 86' lang='lat' dir='ltr'>demonstratum</span> <span class='ocrx_word' id='word_1_223' title='bbox 1059 3358 1117 3423; x_wconf 80' lang='lat' dir='ltr'>est3</span> <span class='ocrx_word' id='word_1_224' title='bbox 1136 3348 1239 3433; x_wconf 87' lang='lat' dir='ltr'>reliqui</span> <span class='ocrx_word' id='word_1_225' title='bbox 1253 3369 1360 3414; x_wconf 88' lang='lat' dir='ltr'>ornnes</span> <span class='ocrx_word' id='word_1_226' title='bbox 1376 3352 1454 3433; x_wconf 91' lang='lat' dir='ltr'>apud</span> <span class='ocrx_word' id='word_1_227' title='bbox 1470 3352 1573 3415; x_wconf 83' lang='lat' dir='ltr'>Xeno-</span> 
     </span>
     <span class='ocr_line' id='line_1_26' title="bbox 407 3452 1572 3537; baseline 0.002 -22"><span class='ocrx_word' id='word_1_228' title='bbox 407 3454 551 3536; x_wconf 87' lang='lat' dir='ltr'>phontem</span> <span class='ocrx_word' id='word_1_229' title='bbox 567 3462 651 3525; x_wconf 88' lang='lat' dir='ltr'>sunt,</span> <span class='ocrx_word' id='word_1_230' title='bbox 667 3472 796 3535; x_wconf 83' lang='lat' dir='ltr'>quorum</span> <span class='ocrx_word' id='word_1_231' title='bbox 811 3462 952 3535; x_wconf 77' lang='lat' dir='ltr'>quattuor</span> <span class='ocrx_word' id='word_1_232' title='bbox 965 3454 1077 3517; x_wconf 92' lang='lat' dir='ltr'>nullum</span> <span class='ocrx_word' id='word_1_233' title='bbox 1094 3471 1217 3535; x_wconf 85' lang='lat' dir='ltr'>prorsus</span> <span class='ocrx_word' id='word_1_234' title='bbox 1233 3452 1280 3515; x_wconf 89' lang='lat' dir='ltr'>isti</span> <span class='ocrx_word' id='word_1_235' title='bbox 1296 3452 1430 3537; x_wconf 86' lang='lat' dir='ltr'>opinioni</span> <span class='ocrx_word' id='word_1_236' title='bbox 1446 3454 1572 3519; x_wconf 90' lang='lat' dir='ltr'>admini-</span> 
     </span>
     <span class='ocr_line' id='line_1_27' title="bbox 407 3554 1573 3639; baseline 0 -18"><span class='ocrx_word' id='word_1_237' title='bbox 407 3558 505 3621; x_wconf 80' lang='lat' dir='ltr'>euluro</span> <span class='ocrx_word' id='word_1_238' title='bbox 518 3566 684 3639; x_wconf 84' lang='lat' dir='ltr'>praestare,</span> <span class='ocrx_word' id='word_1_239' title='bbox 705 3574 797 3619; x_wconf 89' lang='lat' dir='ltr'>unuru</span> <span class='ocrx_word' id='word_1_240' title='bbox 812 3564 911 3619; x_wconf 87' lang='lat' dir='ltr'>autern</span> <span class='ocrx_word' id='word_1_241' title='bbox 926 3576 991 3619; x_wconf 88' lang='lat' dir='ltr'>eam</span> <span class='ocrx_word' id='word_1_242' title='bbox 1007 3554 1246 3619; x_wconf 78' lang='lat' dir='ltr'>manifestissime</span> <span class='ocrx_word' id='word_1_243' title='bbox 1260 3559 1386 3620; x_wconf 79' lang='lat' dir='ltr'>rebrtare</span> <span class='ocrx_word' id='word_1_244' title='bbox 1400 3556 1573 3621; x_wconf 85' lang='lat' dir='ltr'>ridebimus.</span> 
     </span>
     <span class='ocr_line' id='line_1_28' title="bbox 408 3652 1575 3741; baseline 0.003 -22"><span class='ocrx_word' id='word_1_245' title='bbox 408 3658 436 3720; x_wconf 84' lang='lat' dir='ltr'>ls</span> <span class='ocrx_word' id='word_1_246' title='bbox 451 3667 497 3721; x_wconf 84' lang='lat' dir='ltr'>est</span> <span class='ocrx_word' id='word_1_247' title='bbox 510 3660 548 3721; x_wconf 90' lang='lat' dir='ltr'>de</span> <span class='ocrx_word' id='word_1_248' title='bbox 563 3677 596 3721; x_wconf 79' lang='lat' dir='ltr'>re</span> <span class='ocrx_word' id='word_1_249' title='bbox 613 3657 695 3741; x_wconf 92' lang='lat' dir='ltr'>publ.</span> <span class='ocrx_word' id='word_1_250' title='bbox 710 3660 778 3721; x_wconf 85' lang='lat' dir='ltr'>Lae.</span> <span class='ocrx_word' id='word_1_251' title='bbox 803 3659 851 3735; x_wconf 84' lang='lat' dir='ltr'>ru,</span> <span class='ocrx_word' id='word_1_252' title='bbox 867 3658 901 3720; x_wconf 81' lang='lat'>7:</span> <span class='ocrx_word' id='word_1_253' title='bbox 923 3658 996 3734; x_wconf 77' lang='grc' dir='ltr'><strong><em>τοῖς</em></strong></span> <span class='ocrx_word' id='word_1_254' title='bbox 1008 3654 1074 3740; x_wconf 82' lang='grc' dir='ltr'><strong><em>ιμίν</em></strong></span> <span class='ocrx_word' id='word_1_255' title='bbox 1088 3654 1149 3741; x_wconf 78' lang='lat' dir='ltr'>peip</span> <span class='ocrx_word' id='word_1_256' title='bbox 1163 3654 1205 3721; x_wconf 81' lang='lat' dir='ltr'>cci</span> <span class='ocrx_word' id='word_1_257' title='bbox 1221 3652 1347 3741; x_wconf 88' lang='grc' dir='ltr'><strong><em>νόμιμα</em></strong></span> <span class='ocrx_word' id='word_1_258' title='bbox 1361 3652 1575 3725; x_wconf 75' lang='grc' dir='ltr'><strong><em>ἐπιτελοῦσιν</em></strong></span> 
     </span>
     <span class='ocr_line' id='line_1_29' title="bbox 410 3751 1574 3847; baseline 0.005 -26"><span class='ocrx_word' id='word_1_259' title='bbox 410 3751 559 3840; x_wconf 77' lang='grc' dir='ltr'><strong><em>ὁμοίιος</em></strong></span> <span class='ocrx_word' id='word_1_260' title='bbox 574 3751 707 3823; x_wconf 87' lang='grc' dir='ltr'><strong><em>ίίπασι</em></strong></span> <span class='ocrx_word' id='word_1_261' title='bbox 725 3756 795 3847; x_wconf 69' lang='grc' dir='ltr'>τὴν</span> <span class='ocrx_word' id='word_1_262' title='bbox 813 3754 933 3825; x_wconf 84' lang='grc' dir='ltr'><strong><em>πόλιν</em></strong></span> <span class='ocrx_word' id='word_1_263' title='bbox 947 3752 1102 3826; x_wconf 75' lang='grc' dir='ltr'><strong><em>οἰκείαν</em></strong></span> <span class='ocrx_word' id='word_1_264' title='bbox 1116 3753 1258 3846; x_wconf 74' lang='grc' dir='ltr'><strong><em>ἐποίησε</em></strong></span> <span class='ocrx_word' id='word_1_265' title='bbox 1272 3757 1328 3823; x_wconf 87' lang='grc' dir='ltr'>καί</span> <span class='ocrx_word' id='word_1_266' title='bbox 1345 3752 1574 3827; x_wconf 77' lang='grc' dir='ltr'><strong><em>οίίίνίπείο-</em></strong></span> 
     </span>
     <span class='ocr_line' id='line_1_30' title="bbox 411 3851 1574 3953; baseline 0.005 -30"><span class='ocrx_word' id='word_1_267' title='bbox 411 3852 528 3942; x_wconf 67' lang='lat' dir='ltr'>eleeto</span> <span class='ocrx_word' id='word_1_268' title='bbox 547 3851 622 3927; x_wconf 78' lang='grc' dir='ltr'><strong><em>οίτε</em></strong></span> <span class='ocrx_word' id='word_1_269' title='bbox 636 3856 801 3946; x_wconf 76' lang='grc' dir='ltr'>σωμάτιον</span> <span class='ocrx_word' id='word_1_270' title='bbox 816 3854 893 3931; x_wconf 66' lang='grc' dir='ltr'><strong><em>οὔτε</em></strong></span> <span class='ocrx_word' id='word_1_271' title='bbox 914 3855 1125 3953; x_wconf 76' lang='grc' dir='ltr'><strong><em>χρημάτων</em></strong></span> <span class='ocrx_word' id='word_1_272' title='bbox 1146 3854 1374 3929; x_wconf 69' lang='grc' dir='ltr'><strong><em>ἀσθένειαν.</em></strong></span> <span class='ocrx_word' id='word_1_273' title='bbox 1421 3855 1452 3928; x_wconf 83' lang='lat' dir='ltr'>ei</span> <span class='ocrx_word' id='word_1_274' title='bbox 1468 3857 1508 3929; x_wconf 78' lang='grc' dir='ltr'>δέ</span> <span class='ocrx_word' id='word_1_275' title='bbox 1521 3885 1574 3942; x_wconf 79' lang='grc' dir='ltr'>τις</span> 
     </span>
     <span class='ocr_line' id='line_1_31' title="bbox 412 3954 1572 4049; baseline 0.007 -26"><span class='ocrx_word' id='word_1_276' title='bbox 412 3954 664 4030; x_wconf 75' lang='grc' dir='ltr'><strong><em>ἀποδειλιάσειε</em></strong></span> <span class='ocrx_word' id='word_1_277' title='bbox 694 3962 753 4031; x_wconf 75' lang='grc' dir='ltr'>τοί</span> <span class='ocrx_word' id='word_1_278' title='bbox 778 3964 821 4033; x_wconf 83' lang='lat' dir='ltr'>cri</span> <span class='ocrx_word' id='word_1_279' title='bbox 847 3961 975 4049; x_wconf 86' lang='grc' dir='ltr'><strong><em>νόμιμα</em></strong></span> <span class='ocrx_word' id='word_1_280' title='bbox 1003 3966 1268 4046; x_wconf 73' lang='grc' dir='ltr'><strong><em>διαπονεῖσθαι,</em></strong></span> <span class='ocrx_word' id='word_1_281' title='bbox 1298 3964 1417 4032; x_wconf 76' lang='grc' dir='ltr'><strong><em>τοῦτον</em></strong></span> <span class='ocrx_word' id='word_1_282' title='bbox 1441 3961 1572 4047; x_wconf 63' lang='lat' dir='ltr'>laena)</span> 
     </span>
     <span class='ocr_line' id='line_1_32' title="bbox 412 4055 1574 4156; baseline 0.008 -28"><span class='ocrx_word' id='word_1_283' title='bbox 412 4055 571 4144; x_wconf 75' lang='grc' dir='ltr'><strong><em>ἀπέδειξε</em></strong></span> <span class='ocrx_word' id='word_1_284' title='bbox 582 4063 667 4156; x_wconf 66' lang='grc' dir='ltr'>μηδὲ</span> <span class='ocrx_word' id='word_1_285' title='bbox 678 4064 880 4154; x_wconf 70' lang='grc' dir='ltr'><strong><em>νομίζεσθαι</em></strong></span> <span class='ocrx_word' id='word_1_286' title='bbox 891 4062 944 4137; x_wconf 72' lang='grc' dir='ltr'>ἔτι</span> <span class='ocrx_word' id='word_1_287' title='bbox 954 4068 1019 4136; x_wconf 83' lang='grc' dir='ltr'>τῶν</span> <span class='ocrx_word' id='word_1_288' title='bbox 1031 4062 1158 4155; x_wconf 83' lang='grc' dir='ltr'><strong><em>ὁμοίιον</em></strong></span> <span class='ocrx_word' id='word_1_289' title='bbox 1170 4060 1265 4138; x_wconf 74' lang='grc' dir='ltr'><strong><em>εἶναι.</em></strong></span> <span class='ocrx_word' id='word_1_290' title='bbox 1288 4072 1432 4156; x_wconf 81' lang='lat' dir='ltr'>Loquitur</span> <span class='ocrx_word' id='word_1_291' title='bbox 1446 4074 1574 4156; x_wconf 76' lang='lat' dir='ltr'>scriptor</span> 
     </span>
     <span class='ocr_line' id='line_1_33' title="bbox 412 4168 1574 4259; baseline 0.009 -27"><span class='ocrx_word' id='word_1_292' title='bbox 412 4168 450 4232; x_wconf 83' lang='lat' dir='ltr'>de</span> <span class='ocrx_word' id='word_1_293' title='bbox 467 4168 634 4253; x_wconf 83' lang='lat' dir='ltr'>disciplina,</span> <span class='ocrx_word' id='word_1_294' title='bbox 655 4196 742 4258; x_wconf 78' lang='lat' dir='ltr'>quam</span> <span class='ocrx_word' id='word_1_295' title='bbox 763 4174 875 4241; x_wconf 80' lang='lat' dir='ltr'>ciuibus</span> <span class='ocrx_word' id='word_1_296' title='bbox 894 4174 1005 4259; x_wconf 89' lang='lat' dir='ltr'>pariter</span> <span class='ocrx_word' id='word_1_297' title='bbox 1021 4176 1160 4239; x_wconf 86' lang='lat' dir='ltr'>omnibus</span> <span class='ocrx_word' id='word_1_298' title='bbox 1174 4175 1324 4257; x_wconf 71' lang='lat' dir='ltr'>legislator</span> <span class='ocrx_word' id='word_1_299' title='bbox 1338 4176 1574 4259; x_wconf 81' lang='lat' dir='ltr'>praescripserit:</span> 
     </span>
     <span class='ocr_line' id='line_1_34' title="bbox 412 4270 1575 4367; baseline 0.006 -31"><span class='ocrx_word' id='word_1_300' title='bbox 412 4272 489 4337; x_wconf 78' lang='lat' dir='ltr'>lianc</span> <span class='ocrx_word' id='word_1_301' title='bbox 502 4272 553 4355; x_wconf 82' lang='lat' dir='ltr'>qui</span> <span class='ocrx_word' id='word_1_302' title='bbox 568 4274 770 4357; x_wconf 76' lang='lat' dir='ltr'>observarent,</span> <span class='ocrx_word' id='word_1_303' title='bbox 789 4280 826 4345; x_wconf 92' lang='lat' dir='ltr'>iis</span> <span class='ocrx_word' id='word_1_304' title='bbox 842 4280 982 4345; x_wconf 88' lang='lat' dir='ltr'>omnibus</span> <span class='ocrx_word' id='word_1_305' title='bbox 997 4270 1123 4363; x_wconf 77' lang='grc' dir='ltr'><strong><em>ὁμοίως</em></strong></span> <span class='ocrx_word' id='word_1_306' title='bbox 1134 4275 1194 4367; x_wconf 73' lang='grc' dir='ltr'>τὴν</span> <span class='ocrx_word' id='word_1_307' title='bbox 1204 4273 1308 4345; x_wconf 79' lang='grc' dir='ltr'><strong><em>πόλιν</em></strong></span> <span class='ocrx_word' id='word_1_308' title='bbox 1318 4270 1444 4345; x_wconf 77' lang='grc' dir='ltr'><strong><em>οἰκείαν</em></strong></span> <span class='ocrx_word' id='word_1_309' title='bbox 1459 4280 1575 4355; x_wconf 84' lang='lat' dir='ltr'>lactanr,</span> 
     </span>
     <span class='ocr_line' id='line_1_35' title="bbox 413 4378 1573 4468; baseline 0.005 -27"><span class='ocrx_word' id='word_1_310' title='bbox 413 4378 442 4441; x_wconf 88' lang='lat' dir='ltr'>b.</span> <span class='ocrx_word' id='word_1_311' title='bbox 456 4396 483 4439; x_wconf 85' lang='lat' dir='ltr'>e.</span> <span class='ocrx_word' id='word_1_312' title='bbox 498 4395 604 4440; x_wconf 85' lang='lat' dir='ltr'>omnes</span> <span class='ocrx_word' id='word_1_313' title='bbox 617 4398 713 4461; x_wconf 82' lang='grc' dir='ltr'><strong><em>ειιμιο</em></strong></span> <span class='ocrx_word' id='word_1_314' title='bbox 728 4380 759 4445; x_wconf 92' lang='lat' dir='ltr'>in</span> <span class='ocrx_word' id='word_1_315' title='bbox 773 4403 805 4447; x_wconf 89' lang='lat' dir='ltr'>re</span> <span class='ocrx_word' id='word_1_316' title='bbox 819 4385 934 4468; x_wconf 73' lang='lat' dir='ltr'>publiea</span> <span class='ocrx_word' id='word_1_317' title='bbox 948 4385 1012 4450; x_wconf 86' lang='lat' dir='ltr'>iurc</span> <span class='ocrx_word' id='word_1_318' title='bbox 1027 4384 1134 4460; x_wconf 76' lang='lat' dir='ltr'>luiss03</span> <span class='ocrx_word' id='word_1_319' title='bbox 1148 4384 1230 4468; x_wconf 82' lang='lat' dir='ltr'>quod</span> <span class='ocrx_word' id='word_1_320' title='bbox 1245 4381 1315 4467; x_wconf 87' lang='lat' dir='ltr'>quid</span> <span class='ocrx_word' id='word_1_321' title='bbox 1326 4392 1373 4447; x_wconf 84' lang='lat' dir='ltr'>est</span> <span class='ocrx_word' id='word_1_322' title='bbox 1383 4382 1469 4459; x_wconf 88' lang='lat' dir='ltr'>uliud,</span> <span class='ocrx_word' id='word_1_323' title='bbox 1484 4402 1573 4467; x_wconf 86' lang='lat' dir='ltr'>quana</span> 
     </span>
    </p>
   </div>
   <div class='ocr_carea' id='block_1_3' title="bbox 412 4634 1574 4889">
    <p class='ocr_par' dir='ltr' id='par_1_3' title="bbox 412 4634 1574 4889">
     <span class='ocr_line' id='line_1_36' title="bbox 481 4634 1574 4715; baseline 0.003 -26"><span class='ocrx_word' id='word_1_324' title='bbox 481 4636 523 4704; x_wconf 78' lang='grc'>17)</span> <span class='ocrx_word' id='word_1_325' title='bbox 544 4634 601 4689; x_wconf 72' lang='lat' dir='ltr'>no·</span> <span class='ocrx_word' id='word_1_326' title='bbox 621 4636 680 4690; x_wconf 78' lang='lat' dir='ltr'>nibi</span> <span class='ocrx_word' id='word_1_327' title='bbox 696 4638 823 4707; x_wconf 66' lang='lat' dir='ltr'>pennam</span> <span class='ocrx_word' id='word_1_328' title='bbox 839 4640 957 4709; x_wconf 56' lang='lat' dir='ltr'>licerium</span> <span class='ocrx_word' id='word_1_329' title='bbox 979 4662 1003 4715; x_wconf 89' lang='lat' dir='ltr'>p.</span> <span class='ocrx_word' id='word_1_330' title='bbox 1022 4644 1084 4709; x_wconf 79' lang='lat'>182,</span> <span class='ocrx_word' id='word_1_331' title='bbox 1096 4644 1143 4697; x_wconf 86' lang='lat' dir='ltr'>boe</span> <span class='ocrx_word' id='word_1_332' title='bbox 1159 4638 1217 4697; x_wconf 79' lang='grc' dir='ltr'><strong><em>ίνιῖ</em></strong></span> <span class='ocrx_word' id='word_1_333' title='bbox 1230 4656 1318 4695; x_wconf 80' lang='lat' dir='ltr'>vernn</span> <span class='ocrx_word' id='word_1_334' title='bbox 1334 4656 1404 4695; x_wconf 74' lang='lat' dir='ltr'>mse:</span> <span class='ocrx_word' id='word_1_335' title='bbox 1430 4658 1477 4693; x_wconf 87' lang='lat' dir='ltr'>aon</span> <span class='ocrx_word' id='word_1_336' title='bbox 1495 4636 1574 4707; x_wconf 64' lang='lat' dir='ltr'>metr</span> 
     </span>
     <span class='ocr_line' id='line_1_37' title="bbox 412 4722 1574 4812; baseline 0.003 -35"><span class='ocrx_word' id='word_1_337' title='bbox 412 4730 496 4778; x_wconf 77' lang='grc' dir='ltr'><strong><em>ἐοιει</em></strong></span> <span class='ocrx_word' id='word_1_338' title='bbox 512 4739 569 4777; x_wconf 78' lang='grc' dir='ltr'>ιιι</span> <span class='ocrx_word' id='word_1_339' title='bbox 579 4722 733 4777; x_wconf 69' lang='lat' dir='ltr'>&amp;incidere</span> <span class='ocrx_word' id='word_1_340' title='bbox 748 4722 854 4784; x_wconf 64' lang='grc' dir='ltr'><strong><em>ἐκεῖνος</em></strong></span> <span class='ocrx_word' id='word_1_341' title='bbox 868 4730 1056 4812; x_wconf 66' lang='lat' dir='ltr'>reprebendo·</span> <span class='ocrx_word' id='word_1_342' title='bbox 1068 4731 1153 4785; x_wconf 83' lang='lat' dir='ltr'>erede.</span> <span class='ocrx_word' id='word_1_343' title='bbox 1176 4728 1270 4783; x_wconf 73' lang='lat' dir='ltr'>uere</span> <span class='ocrx_word' id='word_1_344' title='bbox 1283 4737 1343 4797; x_wconf 75' lang='lat' dir='ltr'>pute</span> <span class='ocrx_word' id='word_1_345' title='bbox 1354 4728 1456 4797; x_wconf 80' lang='lat' dir='ltr'>aliquod</span> <span class='ocrx_word' id='word_1_346' title='bbox 1466 4725 1574 4781; x_wconf 71' lang='lat' dir='ltr'>alicui·</span> 
     </span>
     <span class='ocr_line' id='line_1_38' title="bbox 413 4808 1574 4889; baseline -0.001 -22"><span class='ocrx_word' id='word_1_347' title='bbox 413 4824 486 4876; x_wconf 70' lang='lat' dir='ltr'>ma</span> <span class='ocrx_word' id='word_1_348' title='bbox 501 4811 534 4863; x_wconf 71' lang='grc' dir='ltr'>ιδ</span> <span class='ocrx_word' id='word_1_349' title='bbox 546 4808 696 4863; x_wconf 71' lang='lat' dir='ltr'>monum</span> <span class='ocrx_word' id='word_1_350' title='bbox 708 4810 807 4880; x_wconf 73' lang='lat' dir='ltr'>quiden</span> <span class='ocrx_word' id='word_1_351' title='bbox 817 4829 867 4865; x_wconf 81' lang='lat' dir='ltr'>aea</span> <span class='ocrx_word' id='word_1_352' title='bbox 879 4813 989 4884; x_wconf 70' lang='lat' dir='ltr'>ineptam</span> <span class='ocrx_word' id='word_1_353' title='bbox 1001 4816 1079 4871; x_wconf 82' lang='lat' dir='ltr'>luerit</span> <span class='ocrx_word' id='word_1_354' title='bbox 1088 4812 1212 4889; x_wconf 70' lang='grc' dir='ltr'>ἀχρεῖον.</span> <span class='ocrx_word' id='word_1_355' title='bbox 1237 4813 1275 4869; x_wconf 80' lang='lat' dir='ltr'>Gi.</span> <span class='ocrx_word' id='word_1_356' title='bbox 1284 4812 1398 4884; x_wconf 72' lang='lat' dir='ltr'>Thaepd.</span> <span class='ocrx_word' id='word_1_357' title='bbox 1409 4812 1446 4884; x_wconf 87' lang='lat' dir='ltr'>u,</span> <span class='ocrx_word' id='word_1_358' title='bbox 1458 4814 1503 4885; x_wconf 82' lang='lat' dir='ltr'>db,</span> <span class='ocrx_word' id='word_1_359' title='bbox 1514 4812 1539 4867; x_wconf 79' lang='lat'>2.</span> <span class='ocrx_word' id='word_1_360' title='bbox 1571 4838 1574 4846; x_wconf 91' lang='lat'>·</span> 
     </span>
    </p>
   </div>
   <div class='ocr_carea' id='block_1_4' title="bbox 0 0 1931 5609">
    <p class='ocr_par' dir='ltr' id='par_1_4' title="bbox 0 0 1931 5609">
     <span class='ocr_line' id='line_1_39' title="bbox 0 0 1931 5609; baseline 0 0"><span class='ocrx_word' id='word_1_361' title='bbox 0 0 1931 5609; x_wconf 95' lang='lat' dir='ltr'> </span> 
     </span>
    </p>
   </div>
  </div>
 </body>
</html>
