3792 5609
925 854 991 919 206

856 941 1060 956 ἡ*

376 1045 518 1118 venirent,
534 1063 635 1106 secum
651 1046 796 1118 allerrent,
812 1054 894 1111 uter
909 1047 947 1112 iis
963 1047 1104 1130 cognosci
1120 1057 1224 1131 posset
1239 1057 1268 1112 et
1279 1048 1401 1112 sortitos
1412 1068 1463 1112 eos
1476 1066 1542 1110 osse

376 1149 410 1211 in
425 1148 503 1210 lrunc
517 1168 629 1210 arrarum
646 1147 790 1211 lleliastas
804 1160 832 1212 ct
847 1151 966 1214 cuinam
982 1151 1177 1215 llcliastarum
1194 1153 1269 1235 parti
1284 1151 1423 1234 arlscripti
1432 1161 1541 1215 essent.

377 1251 458 1313 llaec
471 1251 497 1314 si
513 1252 552 1314 ita
567 1253 701 1327 fremunt,
717 1272 839 1317 trecessc
853 1263 915 1330 est,
931 1255 1062 1318 diversas
1077 1255 1131 1318 ltus
1147 1256 1266 1319 tabellas
1279 1257 1370 1319 luisse
1384 1275 1401 1318 a
1416 1247 1543 1337 συμβό-

376 1350 452 1429 λοις
467 1355 529 1416 sire
544 1356 674 1429 tesseris,
689 1376 765 1438 «puae
781 1357 930 1421 iudicibus
945 1365 1016 1440 post
1030 1359 1216 1422 sortitionem
1229 1357 1417 1422 ‹licosterium
1429 1357 1543 1420 intran-

377 1457 460 1518 tilrns
474 1478 492 1519 a
508 1457 729 1538 aragistmtilrus
744 1460 900 1535 dabantur,
916 1461 1026 1542 quibus
1039 1469 1108 1540 post
1120 1461 1277 1524 iudicatam
1290 1479 1408 1523 causam
1422 1460 1544 1542 prolatis

378 1559 545 1620 mercedem
571 1563 750 1641 acciperent.
783 1561 821 1624 Et
846 1580 918 1624 sanc
944 1561 970 1624 si
994 1571 1108 1624 certum
1127 1573 1222 1637 esset,
1247 1575 1430 1644 postremam
1449 1563 1545 1624 nostri

322 1668 353 1721 tt
380 1660 486 1722 selrolii
507 1668 620 1742 partem
641 1662 774 1726 eirrsdem
797 1664 926 1726 auctoris
942 1683 1027 1737 esse,
1045 1671 1133 1744 atquc
1149 1664 1292 1746 priorem,
1312 1664 1393 1744 quod
1409 1663 1544 1744 equidem

378 1763 465 1825 raldo
480 1762 599 1838 dulrito,
619 1765 790 1828 rideremus
805 1765 878 1828 satis
893 1765 1001 1829 diserte
1018 1761 1177 1830 πινάκιον
1191 1787 1207 1829 a
1223 1759 1378 1849 σνμβδλῳ
1395 1765 1546 1845 distingui.

380 1867 533 1946 leguntur
548 1867 628 1930 enim
644 1867 683 1930 tui
699 1868 785 1930 leaeo:
807 1869 879 1944 τοῖς
892 1865 1030 1948 λαχοῦσι
1047 1863 1187 1932 δικάσαι
1200 1859 1406 1944 electurum
1417 1859 1548 1953 ἑκάστῳ

380 1962 549 2050 σύμβολον
569 1960 704 2033 δίδοται
725 1966 820 2052 παρὰ
844 1967 904 2056 τῆς
928 1964 989 2036 ἐντὶ
1014 1965 1139 2034 τούτων
1164 1963 1330 2057 ιῖληχνίας
1354 1960 1467 2056 ἀρχῆς,
1494 1967 1549 2033 ἵνα

381 2065 529 2150 ἐξιόντες
547 2066 605 2134 καὶ
624 2073 724 2136 τοῦτο
742 2067 981 2159 προςηὲρονττς
994 2067 1196 2156 λαμβάνοιεν
1209 2069 1267 2136 erle
1282 2069 1477 2137 δικαστικὸν
1490 2094 1549 2154 μι-

381 2169 481 2239 σθόν.
507 2168 673 2238 niedseor
687 2184 785 2238 autem
801 2175 860 2238 iam
876 2187 944 2238 ante
961 2177 1148 2240 sortitionem
1162 2177 1336 2240 scholiastes
1353 2185 1455 2239 troster
1471 2175 1549 2239 iudi·
1580 2167 1583 2174 ’

383 2278 469 2340 cilms
496 2279 607 2341 tribuit.
641 2279 737 2342 Etiam
763 2279 854 2343 lulius
873 2279 977 2342 l’ollur
997 2281 1074 2355 l'lll,
1097 2281 1135 2344 16
1156 2279 1230 2342 iuter
1249 2271 1347 2364 σκεύη
1369 2273 1550 2342 δικαστικὰ

385 2401 523 2446 seorsum
540 2382 676 2444 nominat
690 2377 851 2446 πινάκιον
864 2390 893 2444 ct
908 2377 1089 2464 tripedalem
1108 2401 1287 2466 quarrnptam
1304 2381 1455 2444 nonsatis
1472 2391 1549 2444 certa

385 2494 431 2546 est
450 2485 527 2546 illius
546 2483 602 2546 loci
622 2483 716 2546 lectio.
745 2483 820 2546 Nam
842 2502 935 2566 rpuum
954 2486 1039 2565 rutlgo
1061 2484 1101 2546 ilri
1122 2485 1247 2564 legatur:
1275 2477 1380 2568 Σκεδη
1398 2477 1435 2545 δὲ
1451 2479 1550 2546 δικα-

385 2578 496 2662 errari,
512 2579 686 2666 σύμβολον,
701 2579 874 2670 βακτηρία,
890 2580 1060 2664 πινάκιον,
1077 2581 1236 2649 ττινδκιον
1246 2577 1431 2670 τιμητικόν,
1447 2584 1477 2646 in
1489 2602 1549 2646 uno

386 2688 490 2749 codice
506 2687 589 2769 peius
605 2687 675 2750 illud
691 2681 851 2751 πινάκιον
865 2688 1021 2763 omittitur,
1037 2698 1071 2753 nt
1081 2685 1256 2773 reppereris
1268 2697 1382 2752 tantum
1394 2679 1553 2752 πινάκιον

386 2790 584 2872 relimpmtur,
611 2789 650 2854 alr
665 2791 737 2866 lmo,
763 2791 801 2853 rlc
817 2812 877 2874 qno
891 2813 973 2856 nune
987 2793 1116 2876 agirnns,
1136 2793 1382 2856 dirersissimum.
1413 2791 1550 2854 Ceterum

386 2897 424 2956 rlc
444 2893 502 2956 isto
523 2887 682 2979 σνμβοληο
696 2896 774 2957 aurat.
789 2895 877 2958 etiam
889 2896 1008 2964 ilristot.
1024 2917 1071 2978 ap.
1084 2895 1175 2959 schol.
1190 2898 1226 2959 nd
1242 2896 1330 2958 Arist.
1347 2895 1422 2958 utut.
1437 2915 1463 2958 s.
1479 2895 1552 2968 278,

386 3000 603 3077 lungetnrann.
624 2999 661 3061 ad
683 2998 1040 3073 uottoe.l.t.,1mnosrn.
1057 3001 1093 3064 dc
1108 3017 1210 3062 coron.
1223 3019 1252 3080 p.
1269 2998 1346 3072 298,
1366 3007 1396 3060 ct
1415 2998 1465 3079 qui
1481 2997 1519 3059 int
1536 3019 1552 3060 a

387 3100 515 3182 'l’ayloro
535 3101 706 3172 laudantur,
732 3101 862 3163 Boeclrlr.
883 3102 921 3164 de
940 3121 1045 3165 oecon.
1066 3101 1144 3183 pulrl.
1172 3103 1283 3164 Athen.
1304 3119 1370 3183 pag.
1387 3099 1464 3174 253,
1484 3101 1552 3162 Lex.

388 3204 498 3264 rlrctor.
514 3220 578 3282 pap.
596 3203 656 3264 301
675 3201 737 3264 init.
759 3203 902 3266 llerrcdis
917 3215 1016 3266 autom
1034 3203 1191 3276 militiadis,
1210 3222 1299 3284 quam
1316 3210 1386 3284 post
1402 3211 1553 3281 pometum

390 3305 531 3367 indieium
553 3303 600 3366 iris
621 3304 743 3365 tesseris
765 3305 888 3386 prolatis
904 3305 1101 3388 accipiebant,
1123 3307 1347 3385 dispensatores
1363 3301 1454 3364 luisse
1468 3303 1554 3364 Cela·

390 3418 485 3470 crctas
511 3423 573 3468 non
599 3405 734 3486 ignotum
757 3416 811 3469 cst
846 3408 908 3469 l'id.
928 3408 1056 3472 Boecldr.
1077 3410 1094 3473 l.
1114 3409 1132 3471 l.
1153 3427 1220 3490 pag.
1244 3405 1313 3470 187.
1346 3404 1455 3466 Verum
1475 3405 1556 3485 ipsae

391 3522 520 3572 tesserae
545 3517 646 3572 utrum
672 3509 710 3571 alr
738 3509 785 3572 luis
808 3529 846 3572 an
869 3510 905 3572 alr
928 3510 964 3572 iis
985 3508 1220 3591 stragistratilrus,
1248 3507 1298 3590 qui
1319 3507 1426 3588 cuique
1445 3506 1554 3568 iudicio

390 3621 559 3695 praeerant,
579 3611 754 3675 distributae
773 3612 846 3688 sint,
866 3632 927 3676 non
948 3615 1059 3676 docent
1077 3609 1280 3687 Geanmratioia
1306 3610 1358 3673 scd
1376 3610 1435 3672 lroe
1458 3617 1556 3672 tannen

390 3714 579 3778 rceisimilius
596 3715 720 3778 ridetur.

477 3819 547 3901 (lap.
563 3818 620 3881 l'll.
648 3816 746 3900 Pergit
765 3819 941 3883 scholiastes
957 3827 1060 3882 noster
1073 3819 1131 3882 lroc
1146 3816 1252 3880 modo:
1275 3802 1361 3878 Eleo
1376 3807 1409 3878 oi
1427 3813 1557 3896 Θεσμο-

392 3913 497 3985 δὲται
516 3915 573 3983 καὶ
592 3911 769 3998 ἑνδέκατος
783 3913 803 3986 ei
817 3916 1026 4007 γραμματεὺς
1040 3913 1196 4006 ἕκληροον
1209 3913 1252 3982 eri
1268 3911 1446 4002 γράμματα
1458 3911 1557 4003 μέχρι

393 4020 453 4087 Ιτοῦ
473 4025 514 4088 Κ.
530 4018 588 4088 καὶ
607 4018 667 4087 τὸν
684 4018 826 4106 λαχόντα
844 4017 905 4091 ἴσα
923 4020 983 4090 erle
997 4017 1148 4110 αριθμὸν
1162 4023 1233 4100 τοῖς
1245 4015 1404 4105 μέλλουσι
1420 4017 1557 4108 κληροῦ·

347 4142 377 4197 n
396 4129 484 4191 odor
500 4120 729 4216 δικαστηρίοις
752 4119 919 4217 δοηριῗιης
937 4125 1049 4219 φέρων
1067 4119 1177 4192 ἐτίθει
1198 4116 1283 4191 καθ’
1300 4118 1441 4190 δ’καστον
1460 4121 1559 4188 δικα-

396 4225 532 4319 στήριον
551 4226 595 4297 ἓν.
629 4233 684 4298 llio
700 4233 831 4316 primum
851 4253 907 4317 pro
926 4225 1100 4310 ἑνδέκατος
1119 4230 1344 4296 rescribendum
1360 4228 1489 4292 arbitror
1504 4219 1560 4290 δέ·
1617 4253 1620 4258 ·

396 4355 511 4413 κατος,
526 4355 594 4400 curn
608 4337 763 4400 llattlriaeo
778 4339 815 4402 de
828 4338 920 4403 ludio.
935 4359 966 4421 p.
982 4337 1055 4402 255.
1077 4337 1191 4400 Eodem
1207 4335 1299 4398 modo
1314 4330 1446 4414 loquitur
1459 4331 1559 4394 Schol.

397 4442 435 4506 ed
449 4439 538 4522 l'esp.
552 4458 579 4503 r.
595 4439 673 4502 7722
699 4429 840 4528 Ἐπιιδή
857 4434 1076 4525 (θεσμοθέται
1091 4432 1150 4504 καὶ
1165 4433 1303 4514 δέκατος
1317 4425 1338 4500 δ
1351 4428 1561 4522 γραμματιδς
1655 4441 1657 4446 “

619 4616 697 4627 ..υ-ια

399 4707 511 4754 mutor
525 4708 554 4754 et
569 4716 612 4754 m
628 4703 681 4772 ipse
698 4717 744 4771 per
758 4715 788 4751 so
799 4699 981 4754 verisimillima
993 4707 1043 4754 est.
1065 4699 1104 4754 ct.
1120 4698 1200 4753 Arist.
1213 4694 1353 4752 Ecclesiae.
1363 4710 1389 4750 κ.
1401 4693 1460 4748 est.
1483 4689 1560 4746 Falso

399 4787 477 4852 initur
492 4787 644 4841 scholiam
659 4795 749 4841 tuter
762 4785 836 4840 elicit:
858 4786 967 4859 δρχεται
982 4784 1099 4845 &moror
1115 4787 1154 4846 sic
1164 4779 1197 4838 τὸ
1209 4775 1392 4856 δικαστήριον
1402 4797 1449 4851 pro
1461 4779 1501 4840 ele
1511 4773 1562 4846 rip

399 4866 515 4944 eiyopcir.
