<?xml version="1.0" encoding="UTF-8"?>
<!DOCTYPE html PUBLIC "-//W3C//DTD XHTML 1.0 Transitional//EN"
    "http://www.w3.org/TR/xhtml1/DTD/xhtml1-transitional.dtd">
<html xmlns="http://www.w3.org/1999/xhtml" xml:lang="en" lang="en">
 <head>
  <title>
</title>
<meta http-equiv="Content-Type" content="text/html;charset=utf-8" />
  <meta name='ocr-system' content='tesseract 3.04.00' />
  <meta name='ocr-capabilities' content='ocr_page ocr_carea ocr_par ocr_line ocrx_word'/>
</head>
<body>
  <div class='ocr_page' id='page_1' title='image "./opusculaacademi02schgoog_0261.png"; bbox 0 0 3792 5609; ppageno 0'>
   <div class='ocr_carea' id='block_1_1' title="bbox 960 731 1025 797">
    <p class='ocr_par' dir='ltr' id='par_1_1' title="bbox 960 731 1025 797">
     <span class='ocr_line' id='line_1_1' title="bbox 960 731 1025 797; baseline 0.015 -1"><span class='ocrx_word' id='word_1_1' title='bbox 960 731 1025 797; x_wconf 75' lang='lat'><strong>228</strong></span> 
     </span>
    </p>
   </div>
   <div class='ocr_carea' id='block_1_2' title="bbox 343 921 1670 4498">
    <p class='ocr_par' dir='ltr' id='par_1_2' title="bbox 343 921 1670 4498">
     <span class='ocr_line' id='line_1_2' title="bbox 494 921 1573 989; baseline 0.004 -4"><span class='ocrx_word' id='word_1_2' title='bbox 494 924 629 985; x_wconf 81' lang='lat' dir='ltr'><strong>Ceterum</strong></span> <span class='ocrx_word' id='word_1_3' title='bbox 644 941 706 985; x_wconf 90' lang='lat' dir='ltr'><strong>non</strong></span> <span class='ocrx_word' id='word_1_4' title='bbox 721 922 751 984; x_wconf 96' lang='lat' dir='ltr'><strong>in</strong></span> <span class='ocrx_word' id='word_1_5' title='bbox 767 922 842 986; x_wconf 81' lang='lat' dir='ltr'><strong>urlre</strong></span> <span class='ocrx_word' id='word_1_6' title='bbox 856 923 954 984; x_wconf 82' lang='lat' dir='ltr'><strong>solum</strong></span> <span class='ocrx_word' id='word_1_7' title='bbox 971 923 1023 984; x_wconf 88' lang='lat' dir='ltr'><strong>setl</strong></span> <span class='ocrx_word' id='word_1_8' title='bbox 1039 922 1126 985; x_wconf 88' lang='lat' dir='ltr'><strong>etiarn</strong></span> <span class='ocrx_word' id='word_1_9' title='bbox 1142 921 1173 984; x_wconf 94' lang='lat' dir='ltr'><strong>in</strong></span> <span class='ocrx_word' id='word_1_10' title='bbox 1188 921 1309 985; x_wconf 85' lang='lat' dir='ltr'><strong>Piraeeo</strong></span> <span class='ocrx_word' id='word_1_11' title='bbox 1324 922 1370 986; x_wconf 86' lang='lat' dir='ltr'><strong>ius</strong></span> <span class='ocrx_word' id='word_1_12' title='bbox 1382 924 1494 988; x_wconf 88' lang='lat' dir='ltr'><strong>tlietum</strong></span> <span class='ocrx_word' id='word_1_13' title='bbox 1505 945 1573 989; x_wconf 89' lang='lat' dir='ltr'><strong>esse</strong></span> 
     </span>
     <span class='ocr_line' id='line_1_3' title="bbox 343 1023 1575 1107; baseline 0 -17"><span class='ocrx_word' id='word_1_14' title='bbox 343 1038 388 1090; x_wconf 70' lang='grc'><strong>46</strong></span> <span class='ocrx_word' id='word_1_15' title='bbox 407 1026 601 1088; x_wconf 78' lang='lat' dir='ltr'><strong>Gasaultonus</strong></span> <span class='ocrx_word' id='word_1_16' title='bbox 620 1034 649 1086; x_wconf 89' lang='lat' dir='ltr'><strong>et</strong></span> <span class='ocrx_word' id='word_1_17' title='bbox 662 1026 815 1088; x_wconf 83' lang='lat' dir='ltr'><strong>Dueltems</strong></span> <span class='ocrx_word' id='word_1_18' title='bbox 830 1023 1024 1099; x_wconf 75' lang='lat' dir='ltr'><strong>arbitrantur,</strong></span> <span class='ocrx_word' id='word_1_19' title='bbox 1046 1025 1083 1087; x_wconf 87' lang='lat' dir='ltr'><strong>atl</strong></span> <span class='ocrx_word' id='word_1_20' title='bbox 1098 1023 1249 1106; x_wconf 73' lang='lat' dir='ltr'><strong>trinepte.</strong></span> <span class='ocrx_word' id='word_1_21' title='bbox 1265 1026 1375 1107; x_wconf 85' lang='lat' dir='ltr'><strong>Equitt.</strong></span> <span class='ocrx_word' id='word_1_22' title='bbox 1391 1047 1417 1090; x_wconf 85' lang='lat' dir='ltr'><strong>t.</strong></span> <span class='ocrx_word' id='word_1_23' title='bbox 1436 1027 1509 1090; x_wconf 83' lang='lat'><strong>979.</strong></span> <span class='ocrx_word' id='word_1_24' title='bbox 1542 1027 1575 1090; x_wconf 87' lang='lat' dir='ltr'><strong>ld</strong></span> 
     </span>
     <span class='ocr_line' id='line_1_4' title="bbox 406 1126 1573 1210; baseline 0.005 -23"><span class='ocrx_word' id='word_1_25' title='bbox 406 1148 463 1204; x_wconf 69' lang='lat' dir='ltr'><strong>ego</strong></span> <span class='ocrx_word' id='word_1_26' title='bbox 479 1127 517 1189; x_wconf 86' lang='lat' dir='ltr'><strong>ita</strong></span> <span class='ocrx_word' id='word_1_27' title='bbox 533 1146 634 1190; x_wconf 78' lang='lat' dir='ltr'><strong>teman</strong></span> <span class='ocrx_word' id='word_1_28' title='bbox 648 1148 716 1190; x_wconf 86' lang='lat' dir='ltr'><strong>esse</strong></span> <span class='ocrx_word' id='word_1_29' title='bbox 728 1128 877 1202; x_wconf 84' lang='lat' dir='ltr'><strong>existimo,</strong></span> <span class='ocrx_word' id='word_1_30' title='bbox 893 1126 920 1190; x_wconf 86' lang='lat' dir='ltr'><strong>si</strong></span> <span class='ocrx_word' id='word_1_31' title='bbox 935 1128 972 1190; x_wconf 91' lang='lat' dir='ltr'><strong>tle</strong></span> <span class='ocrx_word' id='word_1_32' title='bbox 986 1127 1154 1191; x_wconf 87' lang='lat' dir='ltr'><strong>minorilms</strong></span> <span class='ocrx_word' id='word_1_33' title='bbox 1169 1127 1410 1210; x_wconf 82' lang='lat' dir='ltr'><strong>interemptores</strong></span> <span class='ocrx_word' id='word_1_34' title='bbox 1425 1149 1460 1192; x_wconf 88' lang='lat' dir='ltr'><strong>ae</strong></span> <span class='ocrx_word' id='word_1_35' title='bbox 1471 1131 1573 1192; x_wconf 84' lang='lat' dir='ltr'><strong>tentli-</strong></span> 
     </span>
     <span class='ocr_line' id='line_1_5' title="bbox 406 1229 1574 1312; baseline 0.003 -20"><span class='ocrx_word' id='word_1_36' title='bbox 406 1240 491 1292; x_wconf 84' lang='lat' dir='ltr'><strong>tores</strong></span> <span class='ocrx_word' id='word_1_37' title='bbox 506 1229 716 1292; x_wconf 73' lang='lat' dir='ltr'><strong>controuersiis</strong></span> <span class='ocrx_word' id='word_1_38' title='bbox 730 1231 946 1312; x_wconf 72' lang='lat' dir='ltr'><strong>levioribusque</strong></span> <span class='ocrx_word' id='word_1_39' title='bbox 962 1231 1074 1292; x_wconf 85' lang='lat' dir='ltr'><strong>tlelietis</strong></span> <span class='ocrx_word' id='word_1_40' title='bbox 1092 1231 1122 1292; x_wconf 95' lang='lat' dir='ltr'><strong>in</strong></span> <span class='ocrx_word' id='word_1_41' title='bbox 1137 1232 1204 1293; x_wconf 86' lang='lat' dir='ltr'><strong>loro</strong></span> <span class='ocrx_word' id='word_1_42' title='bbox 1220 1248 1321 1294; x_wconf 87' lang='lat' dir='ltr'><strong>rerum</strong></span> <span class='ocrx_word' id='word_1_43' title='bbox 1337 1233 1484 1295; x_wconf 86' lang='lat' dir='ltr'><strong>venalium</strong></span> <span class='ocrx_word' id='word_1_44' title='bbox 1500 1241 1530 1295; x_wconf 91' lang='lat' dir='ltr'><strong>et</strong></span> <span class='ocrx_word' id='word_1_45' title='bbox 1544 1233 1574 1296; x_wconf 91' lang='lat' dir='ltr'><strong>in</strong></span> 
     </span>
     <span class='ocr_line' id='line_1_6' title="bbox 407 1331 1574 1414; baseline 0.003 -23"><span class='ocrx_word' id='word_1_46' title='bbox 407 1341 499 1413; x_wconf 82' lang='lat' dir='ltr'><strong>portu</strong></span> <span class='ocrx_word' id='word_1_47' title='bbox 518 1331 689 1394; x_wconf 77' lang='lat' dir='ltr'><strong>contritissis</strong></span> <span class='ocrx_word' id='word_1_48' title='bbox 708 1333 851 1414; x_wconf 76' lang='lat' dir='ltr'><strong>aeeipiatt,</strong></span> <span class='ocrx_word' id='word_1_49' title='bbox 871 1333 910 1395; x_wconf 90' lang='lat' dir='ltr'><strong>tle</strong></span> <span class='ocrx_word' id='word_1_50' title='bbox 931 1333 1041 1414; x_wconf 78' lang='lat' dir='ltr'><strong>quillus</strong></span> <span class='ocrx_word' id='word_1_51' title='bbox 1062 1332 1253 1412; x_wconf 76' lang='lat' dir='ltr'><strong>magistratus</strong></span> <span class='ocrx_word' id='word_1_52' title='bbox 1273 1331 1346 1414; x_wconf 86' lang='lat' dir='ltr'><strong>ipsi,</strong></span> <span class='ocrx_word' id='word_1_53' title='bbox 1366 1351 1428 1396; x_wconf 91' lang='lat' dir='ltr'><strong>non</strong></span> <span class='ocrx_word' id='word_1_54' title='bbox 1443 1335 1574 1398; x_wconf 86' lang='lat' dir='ltr'><strong>atllribito</strong></span> 
     </span>
     <span class='ocr_line' id='line_1_7' title="bbox 409 1433 1575 1506; baseline 0.003 -12"><span class='ocrx_word' id='word_1_55' title='bbox 409 1433 540 1497; x_wconf 86' lang='lat' dir='ltr'><strong>intliemn</strong></span> <span class='ocrx_word' id='word_1_56' title='bbox 566 1433 706 1506; x_wconf 80' lang='lat' dir='ltr'><strong>musitio,</strong></span> <span class='ocrx_word' id='word_1_57' title='bbox 732 1433 779 1496; x_wconf 88' lang='lat' dir='ltr'><strong>ius</strong></span> <span class='ocrx_word' id='word_1_58' title='bbox 804 1433 901 1496; x_wconf 84' lang='lat' dir='ltr'><strong>tlieere</strong></span> <span class='ocrx_word' id='word_1_59' title='bbox 920 1435 1067 1499; x_wconf 86' lang='lat' dir='ltr'><strong>solebant.</strong></span> <span class='ocrx_word' id='word_1_60' title='bbox 1101 1435 1249 1498; x_wconf 74' lang='lat' dir='ltr'><strong>Sedebant</strong></span> <span class='ocrx_word' id='word_1_61' title='bbox 1273 1443 1371 1498; x_wconf 87' lang='lat' dir='ltr'><strong>autem</strong></span> <span class='ocrx_word' id='word_1_62' title='bbox 1389 1435 1426 1497; x_wconf 91' lang='lat' dir='ltr'><strong>-iu</strong></span> <span class='ocrx_word' id='word_1_63' title='bbox 1453 1435 1575 1500; x_wconf 79' lang='lat' dir='ltr'><strong>Piraeeo</strong></span> 
     </span>
     <span class='ocr_line' id='line_1_8' title="bbox 406 1535 1575 1622; baseline 0.004 -26"><span class='ocrx_word' id='word_1_64' title='bbox 406 1537 509 1617; x_wconf 87' lang='lat' dir='ltr'><strong>plures</strong></span> <span class='ocrx_word' id='word_1_65' title='bbox 528 1535 731 1616; x_wconf 76' lang='lat' dir='ltr'><strong>magistratus,</strong></span> <span class='ocrx_word' id='word_1_66' title='bbox 751 1536 830 1600; x_wconf 88' lang='lat' dir='ltr'><strong>inter</strong></span> <span class='ocrx_word' id='word_1_67' title='bbox 848 1555 926 1618; x_wconf 91' lang='lat' dir='ltr'><strong>quos</strong></span> <span class='ocrx_word' id='word_1_68' title='bbox 945 1536 1127 1618; x_wconf 75' lang='lat' dir='ltr'><strong>Agoranomi</strong></span> <span class='ocrx_word' id='word_1_69' title='bbox 1148 1535 1279 1618; x_wconf 86' lang='lat' dir='ltr'><strong>quinque</strong></span> <span class='ocrx_word' id='word_1_70' title='bbox 1294 1535 1473 1620; x_wconf 86' lang='lat' dir='ltr'><strong>tetitlemque</strong></span> <span class='ocrx_word' id='word_1_71' title='bbox 1487 1539 1575 1622; x_wconf 75' lang='lat' dir='ltr'><strong>Asty·</strong></span> 
     </span>
     <span class='ocr_line' id='line_1_9' title="bbox 407 1638 1576 1723; baseline 0.002 -22"><span class='ocrx_word' id='word_1_72' title='bbox 407 1638 508 1714; x_wconf 86' lang='lat' dir='ltr'><strong>nomi,</strong></span> <span class='ocrx_word' id='word_1_73' title='bbox 527 1657 619 1718; x_wconf 87' lang='lat' dir='ltr'><strong>porro</strong></span> <span class='ocrx_word' id='word_1_74' title='bbox 639 1649 794 1702; x_wconf 76' lang='lat' dir='ltr'><strong>curatores</strong></span> <span class='ocrx_word' id='word_1_75' title='bbox 811 1639 953 1720; x_wconf 80' lang='lat' dir='ltr'><strong>emporii,</strong></span> <span class='ocrx_word' id='word_1_76' title='bbox 975 1640 1180 1722; x_wconf 73' lang='lat' dir='ltr'><strong>Sitopltplaees</strong></span> <span class='ocrx_word' id='word_1_77' title='bbox 1196 1638 1302 1720; x_wconf 82' lang='lat' dir='ltr'><strong>aliique</strong></span> <span class='ocrx_word' id='word_1_78' title='bbox 1318 1639 1452 1702; x_wconf 77' lang='lat' dir='ltr'><strong>fortassis</strong></span> <span class='ocrx_word' id='word_1_79' title='bbox 1468 1641 1576 1723; x_wconf 84' lang='lat' dir='ltr'><strong>plures,</strong></span> 
     </span>
     <span class='ocr_line' id='line_1_10' title="bbox 405 1740 1574 1823; baseline 0.005 -24"><span class='ocrx_word' id='word_1_80' title='bbox 405 1760 486 1822; x_wconf 78' lang='lat' dir='ltr'><strong>quoa</strong></span> <span class='ocrx_word' id='word_1_81' title='bbox 509 1740 743 1804; x_wconf 74' lang='lat' dir='ltr'><strong>iurisdietionem</strong></span> <span class='ocrx_word' id='word_1_82' title='bbox 767 1742 895 1823; x_wconf 88' lang='lat' dir='ltr'><strong>aliquam</strong></span> <span class='ocrx_word' id='word_1_83' title='bbox 922 1742 1064 1805; x_wconf 81' lang='lat' dir='ltr'><strong>ltnltuisse</strong></span> <span class='ocrx_word' id='word_1_84' title='bbox 1094 1741 1222 1804; x_wconf 87' lang='lat' dir='ltr'><strong>tlultilnri</strong></span> <span class='ocrx_word' id='word_1_85' title='bbox 1251 1741 1297 1802; x_wconf 81' lang='lat' dir='ltr'><strong>vix</strong></span> <span class='ocrx_word' id='word_1_86' title='bbox 1321 1747 1468 1822; x_wconf 73' lang='lat' dir='ltr'><strong>potent).</strong></span> <span class='ocrx_word' id='word_1_87' title='bbox 1516 1744 1574 1805; x_wconf 85' lang='lat' dir='ltr'><strong>Sed</strong></span> 
     </span>
     <span class='ocr_line' id='line_1_11' title="bbox 407 1836 1575 1931; baseline 0.003 -26"><span class='ocrx_word' id='word_1_88' title='bbox 407 1843 536 1905; x_wconf 83' lang='lat' dir='ltr'><strong>ntaittres</strong></span> <span class='ocrx_word' id='word_1_89' title='bbox 551 1862 673 1916; x_wconf 76' lang='lat' dir='ltr'><strong>musas,</strong></span> <span class='ocrx_word' id='word_1_90' title='bbox 699 1852 762 1907; x_wconf 89' lang='lat' dir='ltr'><strong>turn</strong></span> <span class='ocrx_word' id='word_1_91' title='bbox 778 1844 924 1925; x_wconf 76' lang='lat' dir='ltr'><strong>pellitae,</strong></span> <span class='ocrx_word' id='word_1_92' title='bbox 951 1845 1037 1907; x_wconf 87' lang='lat' dir='ltr'><strong>veluti</strong></span> <span class='ocrx_word' id='word_1_93' title='bbox 1052 1836 1189 1931; x_wconf 83' lang='grc' dir='ltr'><strong><em>φάσεις,</em></strong></span> <span class='ocrx_word' id='word_1_94' title='bbox 1210 1852 1273 1906; x_wconf 90' lang='lat' dir='ltr'><strong>tum</strong></span> <span class='ocrx_word' id='word_1_95' title='bbox 1289 1843 1431 1925; x_wconf 85' lang='lat' dir='ltr'><strong>privatas,</strong></span> <span class='ocrx_word' id='word_1_96' title='bbox 1450 1845 1486 1907; x_wconf 88' lang='lat' dir='ltr'><strong>tle</strong></span> <span class='ocrx_word' id='word_1_97' title='bbox 1501 1863 1575 1908; x_wconf 89' lang='lat' dir='ltr'><strong>non-</strong></span> 
     </span>
     <span class='ocr_line' id='line_1_12' title="bbox 407 1944 1575 2029; baseline 0.001 -21"><span class='ocrx_word' id='word_1_98' title='bbox 407 1946 550 2009; x_wconf 79' lang='lat' dir='ltr'><strong>tractibus</strong></span> <span class='ocrx_word' id='word_1_99' title='bbox 570 1947 803 2028; x_wconf 76' lang='lat' dir='ltr'><strong>negotiatorum,</strong></span> <span class='ocrx_word' id='word_1_100' title='bbox 828 1966 903 2029; x_wconf 88' lang='lat' dir='ltr'><strong>quae</strong></span> <span class='ocrx_word' id='word_1_101' title='bbox 922 1947 961 2010; x_wconf 87' lang='lat' dir='ltr'><strong>ad</strong></span> <span class='ocrx_word' id='word_1_102' title='bbox 980 1947 1127 2010; x_wconf 86' lang='lat' dir='ltr'><strong>llelittstiei</strong></span> <span class='ocrx_word' id='word_1_103' title='bbox 1146 1946 1245 2010; x_wconf 87' lang='lat' dir='ltr'><strong>iutlieii</strong></span> <span class='ocrx_word' id='word_1_104' title='bbox 1265 1944 1464 2027; x_wconf 79' lang='lat' dir='ltr'><strong>cognitionem</strong></span> <span class='ocrx_word' id='word_1_105' title='bbox 1483 1947 1575 2027; x_wconf 83' lang='lat' dir='ltr'><strong>perti·</strong></span> 
     </span>
     <span class='ocr_line' id='line_1_13' title="bbox 407 2043 1670 2130; baseline 0 -18"><span class='ocrx_word' id='word_1_106' title='bbox 407 2049 526 2124; x_wconf 77' lang='lat' dir='ltr'><strong>netetn,</strong></span> <span class='ocrx_word' id='word_1_107' title='bbox 540 2049 572 2112; x_wconf 92' lang='lat' dir='ltr'><strong>in</strong></span> <span class='ocrx_word' id='word_1_108' title='bbox 588 2049 719 2122; x_wconf 70' lang='lat' dir='ltr'><strong>unane,</strong></span> <span class='ocrx_word' id='word_1_109' title='bbox 738 2069 800 2114; x_wconf 93' lang='lat' dir='ltr'><strong>non</strong></span> <span class='ocrx_word' id='word_1_110' title='bbox 815 2051 846 2112; x_wconf 91' lang='lat' dir='ltr'><strong>in</strong></span> <span class='ocrx_word' id='word_1_111' title='bbox 861 2050 943 2122; x_wconf 82' lang='lat' dir='ltr'><strong>urlte,</strong></span> <span class='ocrx_word' id='word_1_112' title='bbox 958 2050 1132 2113; x_wconf 86' lang='lat' dir='ltr'><strong>tliiudieatas</strong></span> <span class='ocrx_word' id='word_1_113' title='bbox 1148 2069 1216 2113; x_wconf 89' lang='lat' dir='ltr'><strong>esse</strong></span> <span class='ocrx_word' id='word_1_114' title='bbox 1229 2049 1310 2113; x_wconf 91' lang='lat' dir='ltr'><strong>nulio</strong></span> <span class='ocrx_word' id='word_1_115' title='bbox 1322 2048 1492 2112; x_wconf 90' lang='lat' dir='ltr'><strong>testimonio</strong></span> <span class='ocrx_word' id='word_1_116' title='bbox 1503 2069 1576 2130; x_wconf 88' lang='lat' dir='ltr'><strong>pro·</strong></span> <span class='ocrx_word' id='word_1_117' title='bbox 1667 2043 1670 2050; x_wconf 83' lang='grc'><strong>’</strong></span> 
     </span>
     <span class='ocr_line' id='line_1_14' title="bbox 409 2151 1574 2235; baseline -0.002 -20"><span class='ocrx_word' id='word_1_118' title='bbox 409 2152 475 2215; x_wconf 84' lang='lat' dir='ltr'><strong>ltaei</strong></span> <span class='ocrx_word' id='word_1_119' title='bbox 496 2162 603 2234; x_wconf 84' lang='lat' dir='ltr'><strong>potest.</strong></span> <span class='ocrx_word' id='word_1_120' title='bbox 641 2153 716 2216; x_wconf 80' lang='lat' dir='ltr'><strong>llam</strong></span> <span class='ocrx_word' id='word_1_121' title='bbox 737 2153 805 2217; x_wconf 89' lang='lat' dir='ltr'><strong>illutl</strong></span> <span class='ocrx_word' id='word_1_122' title='bbox 824 2153 945 2235; x_wconf 87' lang='lat' dir='ltr'><strong>quitlem</strong></span> <span class='ocrx_word' id='word_1_123' title='bbox 965 2172 1027 2217; x_wconf 93' lang='lat' dir='ltr'><strong>uon</strong></span> <span class='ocrx_word' id='word_1_124' title='bbox 1047 2152 1164 2226; x_wconf 81' lang='lat' dir='ltr'><strong>dubito,</strong></span> <span class='ocrx_word' id='word_1_125' title='bbox 1190 2154 1261 2234; x_wconf 87' lang='lat' dir='ltr'><strong>quin</strong></span> <span class='ocrx_word' id='word_1_126' title='bbox 1281 2152 1493 2233; x_wconf 76' lang='lat' dir='ltr'><strong>Aristophanes</strong></span> <span class='ocrx_word' id='word_1_127' title='bbox 1513 2151 1574 2228; x_wconf 85' lang='lat' dir='ltr'><strong>illo,</strong></span> 
     </span>
     <span class='ocr_line' id='line_1_15' title="bbox 410 2254 1575 2340; baseline -0.002 -22"><span class='ocrx_word' id='word_1_128' title='bbox 410 2276 499 2339; x_wconf 89' lang='lat' dir='ltr'><strong>quem</strong></span> <span class='ocrx_word' id='word_1_129' title='bbox 526 2255 666 2333; x_wconf 83' lang='lat' dir='ltr'><strong>intlieati,</strong></span> <span class='ocrx_word' id='word_1_130' title='bbox 694 2258 760 2320; x_wconf 85' lang='lat' dir='ltr'><strong>loeo</strong></span> <span class='ocrx_word' id='word_1_131' title='bbox 786 2257 869 2321; x_wconf 86' lang='lat' dir='ltr'><strong>aliter</strong></span> <span class='ocrx_word' id='word_1_132' title='bbox 894 2257 1135 2340; x_wconf 78' lang='lat' dir='ltr'><strong>interpretandus</strong></span> <span class='ocrx_word' id='word_1_133' title='bbox 1158 2256 1210 2330; x_wconf 82' lang='lat' dir='ltr'><strong>sil,</strong></span> <span class='ocrx_word' id='word_1_134' title='bbox 1239 2264 1326 2337; x_wconf 83' lang='lat' dir='ltr'><strong>alque</strong></span> <span class='ocrx_word' id='word_1_135' title='bbox 1352 2275 1368 2318; x_wconf 87' lang='lat' dir='ltr'><strong>a</strong></span> <span class='ocrx_word' id='word_1_136' title='bbox 1398 2254 1575 2328; x_wconf 70' lang='lat' dir='ltr'><strong>acuminatis,</strong></span> 
     </span>
     <span class='ocr_line' id='line_1_16' title="bbox 410 2359 1358 2425; baseline 0.001 -4"><span class='ocrx_word' id='word_1_137' title='bbox 410 2362 587 2424; x_wconf 73' lang='lat' dir='ltr'><strong>llasaulttmo</strong></span> <span class='ocrx_word' id='word_1_138' title='bbox 602 2368 634 2422; x_wconf 91' lang='lat' dir='ltr'><strong>et</strong></span> <span class='ocrx_word' id='word_1_139' title='bbox 646 2359 782 2424; x_wconf 84' lang='lat' dir='ltr'><strong>llutlteto</strong></span> <span class='ocrx_word' id='word_1_140' title='bbox 798 2362 908 2425; x_wconf 85' lang='lat' dir='ltr'><strong>laetum</strong></span> <span class='ocrx_word' id='word_1_141' title='bbox 922 2369 978 2424; x_wconf 86' lang='lat' dir='ltr'><strong>est.</strong></span> <span class='ocrx_word' id='word_1_142' title='bbox 1002 2360 1095 2424; x_wconf 86' lang='lat' dir='ltr'><strong>l&#39;erlta</strong></span> <span class='ocrx_word' id='word_1_143' title='bbox 1109 2360 1173 2422; x_wconf 88' lang='lat' dir='ltr'><strong>eius</strong></span> <span class='ocrx_word' id='word_1_144' title='bbox 1188 2359 1260 2424; x_wconf 78' lang='lat' dir='ltr'><strong>leaeo</strong></span> <span class='ocrx_word' id='word_1_145' title='bbox 1274 2367 1358 2422; x_wconf 84' lang='lat' dir='ltr'><strong>sunt:</strong></span> 
     </span>
     <span class='ocr_line' id='line_1_17' title="bbox 758 2456 1233 2551; baseline -0.004 -23"><span class='ocrx_word' id='word_1_146' title='bbox 758 2456 872 2529; x_wconf 77' lang='grc' dir='ltr'><strong><em>καίτοι</em></strong></span> <span class='ocrx_word' id='word_1_147' title='bbox 887 2458 1121 2551; x_wconf 67' lang='grc' dir='ltr'><strong>πρεσβυτέρων</strong></span> <span class='ocrx_word' id='word_1_148' title='bbox 1134 2459 1233 2528; x_wconf 83' lang='grc' dir='ltr'><em>τινῶν</em></span> 
     </span>
     <span class='ocr_line' id='line_1_18' title="bbox 759 2559 1113 2652; baseline -0.003 -21"><span class='ocrx_word' id='word_1_149' title='bbox 759 2564 840 2632; x_wconf 78' lang='grc' dir='ltr'><em>οἵων</em></span> <span class='ocrx_word' id='word_1_150' title='bbox 853 2559 1113 2652; x_wconf 78' lang='grc' dir='ltr'><strong>ἀργαλεωτάτων</strong></span> 
     </span>
     <span class='ocr_line' id='line_1_19' title="bbox 759 2664 1234 2756; baseline -0.004 -22"><span class='ocrx_word' id='word_1_151' title='bbox 759 2665 796 2734; x_wconf 76' lang='grc' dir='ltr'><strong>ἐν</strong></span> <span class='ocrx_word' id='word_1_152' title='bbox 812 2674 863 2756; x_wconf 78' lang='lat' dir='ltr'><strong>aqi</strong></span> <span class='ocrx_word' id='word_1_153' title='bbox 882 2664 1039 2754; x_wconf 77' lang='grc' dir='ltr'><strong>δείγματι</strong></span> <span class='ocrx_word' id='word_1_154' title='bbox 1052 2667 1118 2733; x_wconf 83' lang='grc' dir='ltr'><strong>τῶν</strong></span> <span class='ocrx_word' id='word_1_155' title='bbox 1132 2665 1234 2733; x_wconf 77' lang='grc' dir='ltr'><strong><em>δικῶν</em></strong></span> 
     </span>
     <span class='ocr_line' id='line_1_20' title="bbox 760 2763 1206 2858; baseline 0 -24"><span class='ocrx_word' id='word_1_156' title='bbox 760 2764 872 2858; x_wconf 73' lang='grc' dir='ltr'><strong>ἥκοι-«τ’</strong></span> <span class='ocrx_word' id='word_1_157' title='bbox 887 2763 1125 2855; x_wconf 76' lang='grc' dir='ltr'><strong>ἀντιλεγόντων</strong></span> <span class='ocrx_word' id='word_1_158' title='bbox 1138 2769 1206 2835; x_wconf 82' lang='grc' dir='ltr'><strong>κτλ.</strong></span> 
     </span>
     <span class='ocr_line' id='line_1_21' title="bbox 414 2867 1576 2956; baseline -0.008 -17"><span class='ocrx_word' id='word_1_159' title='bbox 414 2877 438 2939; x_wconf 84' lang='lat' dir='ltr'>E</span> <span class='ocrx_word' id='word_1_160' title='bbox 458 2875 626 2938; x_wconf 79' lang='lat' dir='ltr'><strong>seltoliastis</strong></span> <span class='ocrx_word' id='word_1_161' title='bbox 646 2874 733 2946; x_wconf 76' lang='lat' dir='ltr'><strong>atter.</strong></span> <span class='ocrx_word' id='word_1_162' title='bbox 754 2884 913 2954; x_wconf 88' lang='lat' dir='ltr'><strong>postquam</strong></span> <span class='ocrx_word' id='word_1_163' title='bbox 928 2875 1080 2956; x_wconf 77' lang='lat' dir='ltr'><strong>explicuit,</strong></span> <span class='ocrx_word' id='word_1_164' title='bbox 1101 2875 1171 2954; x_wconf 91' lang='lat' dir='ltr'><strong>quitl</strong></span> <span class='ocrx_word' id='word_1_165' title='bbox 1188 2883 1267 2934; x_wconf 83' lang='lat' dir='ltr'><strong>esset</strong></span> <span class='ocrx_word' id='word_1_166' title='bbox 1284 2867 1324 2935; x_wconf 81' lang='grc' dir='ltr'><strong>τὸ</strong></span> <span class='ocrx_word' id='word_1_167' title='bbox 1340 2868 1471 2954; x_wconf 80' lang='grc' dir='ltr'><em>δεῖγμα,</em></span> <span class='ocrx_word' id='word_1_168' title='bbox 1493 2871 1576 2933; x_wconf 89' lang='lat' dir='ltr'><strong>loeus</strong></span> 
     </span>
     <span class='ocr_line' id='line_1_22' title="bbox 415 2973 1577 3055; baseline -0.003 -17"><span class='ocrx_word' id='word_1_169' title='bbox 415 2977 556 3039; x_wconf 86' lang='lat' dir='ltr'><strong>nitttirum</strong></span> <span class='ocrx_word' id='word_1_170' title='bbox 576 2977 607 3038; x_wconf 86' lang='lat' dir='ltr'><strong>itt</strong></span> <span class='ocrx_word' id='word_1_171' title='bbox 627 2975 766 3048; x_wconf 78' lang='lat' dir='ltr'><strong>Piraeeo,</strong></span> <span class='ocrx_word' id='word_1_172' title='bbox 790 2975 841 3039; x_wconf 86' lang='lat' dir='ltr'><strong>ulti</strong></span> <span class='ocrx_word' id='word_1_173' title='bbox 861 2977 1003 3039; x_wconf 74' lang='lat' dir='ltr'><strong>etet-retum</strong></span> <span class='ocrx_word' id='word_1_174' title='bbox 1024 2976 1241 3038; x_wconf 81' lang='lat' dir='ltr'><strong>vendendarum</strong></span> <span class='ocrx_word' id='word_1_175' title='bbox 1265 2973 1425 3055; x_wconf 82' lang='lat' dir='ltr'><strong>specimina</strong></span> <span class='ocrx_word' id='word_1_176' title='bbox 1450 2973 1577 3054; x_wconf 76' lang='lat' dir='ltr'><strong>proponi</strong></span> 
     </span>
     <span class='ocr_line' id='line_1_23' title="bbox 357 3069 1578 3162; baseline -0.002 -20"><span class='ocrx_word' id='word_1_177' title='bbox 357 3091 394 3142; x_wconf 79' lang='lat' dir='ltr'><strong>t&#39;l</strong></span> <span class='ocrx_word' id='word_1_178' title='bbox 415 3080 511 3141; x_wconf 79' lang='lat' dir='ltr'><strong>neoris</strong></span> <span class='ocrx_word' id='word_1_179' title='bbox 530 3087 626 3152; x_wconf 77' lang='lat' dir='ltr'><strong>esset,</strong></span> <span class='ocrx_word' id='word_1_180' title='bbox 644 3075 685 3140; x_wconf 78' lang='lat' dir='ltr'><strong>ati</strong></span> <span class='ocrx_word' id='word_1_181' title='bbox 705 3074 743 3141; x_wconf 65' lang='lat' dir='ltr'><strong>tle*</strong></span> <span class='ocrx_word' id='word_1_182' title='bbox 756 3075 822 3141; x_wconf 83' lang='grc' dir='ltr'><strong>τῶν</strong></span> <span class='ocrx_word' id='word_1_183' title='bbox 837 3074 953 3155; x_wconf 80' lang='grc' dir='ltr'><strong>δικῶν,</strong></span> <span class='ocrx_word' id='word_1_184' title='bbox 974 3078 1027 3153; x_wconf 85' lang='lat' dir='ltr'><strong>nit,</strong></span> <span class='ocrx_word' id='word_1_185' title='bbox 1047 3072 1267 3162; x_wconf 68' lang='grc' dir='ltr'><strong>προςὲθηκτν,</strong></span> <span class='ocrx_word' id='word_1_186' title='bbox 1287 3073 1343 3138; x_wconf 74' lang='grc' dir='ltr'><strong>ἵνα</strong></span> <span class='ocrx_word' id='word_1_187' title='bbox 1357 3069 1522 3160; x_wconf 69' lang='grc' dir='ltr'><strong>διαβάλλῃ</strong></span> <span class='ocrx_word' id='word_1_188' title='bbox 1537 3072 1578 3139; x_wconf 83' lang='grc' dir='ltr'><strong>τὰ</strong></span> 
     </span>
     <span class='ocr_line' id='line_1_24' title="bbox 413 3171 1578 3266; baseline -0.001 -24"><span class='ocrx_word' id='word_1_189' title='bbox 413 3175 596 3264; x_wconf 67' lang='lat' dir='ltr'><strong>optineretur</strong></span> <span class='ocrx_word' id='word_1_190' title='bbox 612 3176 679 3242; x_wconf 82' lang='grc' dir='ltr'><strong>τῶν</strong></span> <span class='ocrx_word' id='word_1_191' title='bbox 697 3171 897 3266; x_wconf 63' lang='grc' dir='ltr'><em>Ἀθηναίων.</em></span> <span class='ocrx_word' id='word_1_192' title='bbox 932 3181 1011 3244; x_wconf 85' lang='lat' dir='ltr'><strong>ltlter</strong></span> <span class='ocrx_word' id='word_1_193' title='bbox 1029 3180 1161 3242; x_wconf 84' lang='lat' dir='ltr'><strong>brevius:</strong></span> <span class='ocrx_word' id='word_1_194' title='bbox 1184 3174 1219 3242; x_wconf 80' lang='grc' dir='ltr'><strong>ἕν</strong></span> <span class='ocrx_word' id='word_1_195' title='bbox 1237 3175 1286 3263; x_wconf 78' lang='lat' dir='ltr'><strong>aqi</strong></span> <span class='ocrx_word' id='word_1_196' title='bbox 1301 3177 1469 3261; x_wconf 80' lang='grc' dir='ltr'><strong><em>Πειραιεῖ,</em></strong></span> <span class='ocrx_word' id='word_1_197' title='bbox 1490 3171 1578 3241; x_wconf 80' lang='grc' dir='ltr'>ὅπου</span> 
     </span>
     <span class='ocr_line' id='line_1_25' title="bbox 414 3276 1580 3362; baseline -0.003 -17"><span class='ocrx_word' id='word_1_198' title='bbox 414 3276 620 3359; x_wconf 71' lang='grc' dir='ltr'><strong>δικάζουσιν.</strong></span> <span class='ocrx_word' id='word_1_199' title='bbox 644 3282 786 3345; x_wconf 80' lang='lat' dir='ltr'><strong>Similiter</strong></span> <span class='ocrx_word' id='word_1_200' title='bbox 796 3283 1006 3345; x_wconf 80' lang='lat' dir='ltr'><strong>Castultontrs:</strong></span> <span class='ocrx_word' id='word_1_201' title='bbox 1028 3283 1078 3356; x_wconf 84' lang='lat' dir='ltr'><strong>„in</strong></span> <span class='ocrx_word' id='word_1_202' title='bbox 1093 3283 1234 3362; x_wconf 79' lang='lat' dir='ltr'><strong>lligmate,</strong></span> <span class='ocrx_word' id='word_1_203' title='bbox 1248 3281 1298 3344; x_wconf 84' lang='lat' dir='ltr'><strong>ulti</strong></span> <span class='ocrx_word' id='word_1_204' title='bbox 1314 3281 1470 3343; x_wconf 84' lang='lat' dir='ltr'><strong>eotttenire</strong></span> <span class='ocrx_word' id='word_1_205' title='bbox 1485 3282 1580 3343; x_wconf 84' lang='lat' dir='ltr'><strong>solent</strong></span> 
     </span>
     <span class='ocr_line' id='line_1_26' title="bbox 365 3383 1578 3465; baseline 0.002 -23"><span class='ocrx_word' id='word_1_206' title='bbox 365 3437 369 3442; x_wconf 90' lang='lat'>.</span> <span class='ocrx_word' id='word_1_207' title='bbox 414 3396 596 3448; x_wconf 77' lang='lat' dir='ltr'><strong>mercatores</strong></span> <span class='ocrx_word' id='word_1_208' title='bbox 618 3384 727 3465; x_wconf 88' lang='lat' dir='ltr'><strong>aliique</strong></span> <span class='ocrx_word' id='word_1_209' title='bbox 747 3385 836 3447; x_wconf 90' lang='lat' dir='ltr'><strong>otiosi</strong></span> <span class='ocrx_word' id='word_1_210' title='bbox 856 3385 1009 3456; x_wconf 84' lang='lat' dir='ltr'><strong>ltmnines,</strong></span> <span class='ocrx_word' id='word_1_211' title='bbox 1034 3392 1064 3445; x_wconf 89' lang='lat' dir='ltr'><strong>et</strong></span> <span class='ocrx_word' id='word_1_212' title='bbox 1083 3384 1134 3446; x_wconf 88' lang='lat' dir='ltr'><strong>ulti</strong></span> <span class='ocrx_word' id='word_1_213' title='bbox 1153 3384 1218 3447; x_wconf 87' lang='lat' dir='ltr'><strong>lites</strong></span> <span class='ocrx_word' id='word_1_214' title='bbox 1239 3403 1328 3464; x_wconf 86' lang='lat' dir='ltr'><strong>saepe</strong></span> <span class='ocrx_word' id='word_1_215' title='bbox 1347 3383 1578 3464; x_wconf 72' lang='lat' dir='ltr'><strong>disceptantur:-</strong></span> 
     </span>
     <span class='ocr_line' id='line_1_27' title="bbox 415 3481 1580 3568; baseline -0.003 -18"><span class='ocrx_word' id='word_1_216' title='bbox 415 3487 525 3550; x_wconf 73' lang='lat' dir='ltr'><strong>llotlem</strong></span> <span class='ocrx_word' id='word_1_217' title='bbox 552 3489 613 3550; x_wconf 87' lang='lat' dir='ltr'><strong>lere</strong></span> <span class='ocrx_word' id='word_1_218' title='bbox 638 3487 789 3550; x_wconf 79' lang='lat' dir='ltr'><strong>llere-lente</strong></span> <span class='ocrx_word' id='word_1_219' title='bbox 817 3488 914 3550; x_wconf 82' lang='lat' dir='ltr'><strong>ltaltet.</strong></span> <span class='ocrx_word' id='word_1_220' title='bbox 953 3486 1023 3548; x_wconf 85' lang='lat' dir='ltr'><strong>llilti</strong></span> <span class='ocrx_word' id='word_1_221' title='bbox 1046 3495 1143 3548; x_wconf 87' lang='lat' dir='ltr'><strong>autem</strong></span> <span class='ocrx_word' id='word_1_222' title='bbox 1166 3487 1235 3550; x_wconf 87' lang='lat' dir='ltr'><strong>illutl</strong></span> <span class='ocrx_word' id='word_1_223' title='bbox 1257 3481 1376 3568; x_wconf 79' lang='grc' dir='ltr'><em>δεῖγμα</em></span> <span class='ocrx_word' id='word_1_224' title='bbox 1393 3483 1459 3549; x_wconf 81' lang='grc' dir='ltr'><strong>τῶν</strong></span> <span class='ocrx_word' id='word_1_225' title='bbox 1478 3483 1580 3549; x_wconf 75' lang='grc' dir='ltr'><strong><em>δικῶν</em></strong></span> 
     </span>
     <span class='ocr_line' id='line_1_28' title="bbox 413 3588 1579 3670; baseline 0.003 -22"><span class='ocrx_word' id='word_1_226' title='bbox 413 3590 538 3652; x_wconf 85' lang='lat' dir='ltr'><strong>nomino</strong></span> <span class='ocrx_word' id='word_1_227' title='bbox 566 3608 628 3653; x_wconf 89' lang='lat' dir='ltr'><strong>non</strong></span> <span class='ocrx_word' id='word_1_228' title='bbox 655 3590 685 3652; x_wconf 90' lang='lat' dir='ltr'><strong>in</strong></span> <span class='ocrx_word' id='word_1_229' title='bbox 711 3588 830 3652; x_wconf 81' lang='lat' dir='ltr'><strong>l&#39;iraeeo</strong></span> <span class='ocrx_word' id='word_1_230' title='bbox 856 3590 1058 3670; x_wconf 77' lang='lat' dir='ltr'><strong>quaerentium</strong></span> <span class='ocrx_word' id='word_1_231' title='bbox 1084 3609 1151 3650; x_wconf 86' lang='lat' dir='ltr'><strong>esse</strong></span> <span class='ocrx_word' id='word_1_232' title='bbox 1177 3589 1300 3651; x_wconf 79' lang='lat' dir='ltr'><strong>vitietur.</strong></span> <span class='ocrx_word' id='word_1_233' title='bbox 1337 3588 1409 3650; x_wconf 87' lang='lat' dir='ltr'><strong>Nam</strong></span> <span class='ocrx_word' id='word_1_234' title='bbox 1439 3590 1579 3670; x_wconf 87' lang='lat' dir='ltr'><strong>primunr,</strong></span> 
     </span>
     <span class='ocr_line' id='line_1_29' title="bbox 412 3691 1579 3772; baseline 0.003 -22"><span class='ocrx_word' id='word_1_235' title='bbox 412 3691 529 3754; x_wconf 82' lang='lat' dir='ltr'><strong>etiamsi</strong></span> <span class='ocrx_word' id='word_1_236' title='bbox 544 3691 671 3755; x_wconf 77' lang='lat' dir='ltr'><strong>erratione</strong></span> <span class='ocrx_word' id='word_1_237' title='bbox 687 3691 717 3755; x_wconf 86' lang='lat' dir='ltr'><strong>itt</strong></span> <span class='ocrx_word' id='word_1_238' title='bbox 730 3691 852 3756; x_wconf 78' lang='lat' dir='ltr'><strong>l’iraeeo</strong></span> <span class='ocrx_word' id='word_1_239' title='bbox 868 3692 973 3755; x_wconf 86' lang='lat' dir='ltr'><strong>iutlicia</strong></span> <span class='ocrx_word' id='word_1_240' title='bbox 985 3692 1082 3756; x_wconf 84' lang='lat' dir='ltr'><strong>ltaltila</strong></span> <span class='ocrx_word' id='word_1_241' title='bbox 1097 3693 1165 3768; x_wconf 82' lang='lat' dir='ltr'><strong>sint,</strong></span> <span class='ocrx_word' id='word_1_242' title='bbox 1182 3702 1278 3754; x_wconf 87' lang='lat' dir='ltr'><strong>tarrten</strong></span> <span class='ocrx_word' id='word_1_243' title='bbox 1291 3691 1319 3754; x_wconf 91' lang='lat' dir='ltr'><strong>itl</strong></span> <span class='ocrx_word' id='word_1_244' title='bbox 1332 3710 1392 3754; x_wconf 90' lang='lat' dir='ltr'><strong>non</strong></span> <span class='ocrx_word' id='word_1_245' title='bbox 1405 3692 1435 3754; x_wconf 93' lang='lat' dir='ltr'><strong>in</strong></span> <span class='ocrx_word' id='word_1_246' title='bbox 1447 3692 1579 3772; x_wconf 77' lang='lat' dir='ltr'><strong>lligmnle</strong></span> 
     </span>
     <span class='ocr_line' id='line_1_30' title="bbox 415 3795 1579 3876; baseline 0.002 -19"><span class='ocrx_word' id='word_1_247' title='bbox 415 3797 524 3858; x_wconf 78' lang='lat' dir='ltr'><strong>lat-tum</strong></span> <span class='ocrx_word' id='word_1_248' title='bbox 539 3816 607 3857; x_wconf 82' lang='lat' dir='ltr'><strong>esse</strong></span> <span class='ocrx_word' id='word_1_249' title='bbox 621 3797 755 3870; x_wconf 71' lang='lat' dir='ltr'><strong>trtttlttttt,</strong></span> <span class='ocrx_word' id='word_1_250' title='bbox 775 3795 852 3858; x_wconf 87' lang='lat' dir='ltr'><strong>inter</strong></span> <span class='ocrx_word' id='word_1_251' title='bbox 867 3797 1026 3859; x_wconf 84' lang='lat' dir='ltr'><strong>tttatinrattt</strong></span> <span class='ocrx_word' id='word_1_252' title='bbox 1043 3805 1241 3860; x_wconf 86' lang='lat' dir='ltr'><strong>tnereaturunt</strong></span> <span class='ocrx_word' id='word_1_253' title='bbox 1256 3802 1478 3876; x_wconf 65' lang='lat' dir='ltr'><strong>umerumque,</strong></span> <span class='ocrx_word' id='word_1_254' title='bbox 1495 3796 1579 3859; x_wconf 89' lang='lat' dir='ltr'><strong>ltniu·</strong></span> 
     </span>
     <span class='ocr_line' id='line_1_31' title="bbox 415 3890 1579 3982; baseline 0.002 -22"><span class='ocrx_word' id='word_1_255' title='bbox 415 3899 528 3971; x_wconf 78' lang='lat' dir='ltr'><strong>lenito,</strong></span> <span class='ocrx_word' id='word_1_256' title='bbox 555 3918 735 3981; x_wconf 77' lang='lat' dir='ltr'><strong>praemonetur</strong></span> <span class='ocrx_word' id='word_1_257' title='bbox 759 3909 849 3982; x_wconf 85' lang='lat' dir='ltr'><strong>atque</strong></span> <span class='ocrx_word' id='word_1_258' title='bbox 869 3899 996 3963; x_wconf 87' lang='lat' dir='ltr'><strong>aliorum</strong></span> <span class='ocrx_word' id='word_1_259' title='bbox 1016 3899 1045 3964; x_wconf 92' lang='lat' dir='ltr'><strong>itl</strong></span> <span class='ocrx_word' id='word_1_260' title='bbox 1065 3919 1158 3981; x_wconf 78' lang='lat' dir='ltr'><strong>genus</strong></span> <span class='ocrx_word' id='word_1_261' title='bbox 1178 3890 1334 3963; x_wconf 84' lang='lat' dir='ltr'><strong>ltnmint&#39;rm</strong></span> <span class='ocrx_word' id='word_1_262' title='bbox 1355 3897 1486 3975; x_wconf 71' lang='lat' dir='ltr'><strong>turbauit</strong></span> <span class='ocrx_word' id='word_1_263' title='bbox 1512 3899 1579 3963; x_wconf 89' lang='lat' dir='ltr'><strong>tlein</strong></span> 
     </span>
     <span class='ocr_line' id='line_1_32' title="bbox 416 3998 1581 4086; baseline 0.001 -22"><span class='ocrx_word' id='word_1_264' title='bbox 416 4000 534 4086; x_wconf 76' lang='grc' dir='ltr'><em>δεῖγμα</em></span> <span class='ocrx_word' id='word_1_265' title='bbox 552 3998 617 4064; x_wconf 83' lang='grc' dir='ltr'><strong>τῶν</strong></span> <span class='ocrx_word' id='word_1_266' title='bbox 632 4000 734 4067; x_wconf 80' lang='grc' dir='ltr'><strong><em>δικῶν</em></strong></span> <span class='ocrx_word' id='word_1_267' title='bbox 752 4003 823 4068; x_wconf 80' lang='lat' dir='ltr'><strong>nillil</strong></span> <span class='ocrx_word' id='word_1_268' title='bbox 845 4003 922 4068; x_wconf 88' lang='lat' dir='ltr'><strong>nliutl</strong></span> <span class='ocrx_word' id='word_1_269' title='bbox 943 4003 1110 4086; x_wconf 78' lang='lat' dir='ltr'><strong>sigttiliearo</strong></span> <span class='ocrx_word' id='word_1_270' title='bbox 1125 4012 1238 4086; x_wconf 85' lang='lat' dir='ltr'><strong>potest,</strong></span> <span class='ocrx_word' id='word_1_271' title='bbox 1258 4000 1314 4064; x_wconf 84' lang='lat' dir='ltr'><strong>nisi</strong></span> <span class='ocrx_word' id='word_1_272' title='bbox 1330 4001 1428 4066; x_wconf 89' lang='lat' dir='ltr'><strong>lueunt</strong></span> <span class='ocrx_word' id='word_1_273' title='bbox 1444 4000 1581 4084; x_wconf 85' lang='lat' dir='ltr'><strong>aliquem,</strong></span> 
     </span>
     <span class='ocr_line' id='line_1_33' title="bbox 417 4101 1610 4195; baseline 0 -27"><span class='ocrx_word' id='word_1_274' title='bbox 417 4105 468 4168; x_wconf 86' lang='lat' dir='ltr'><strong>ulti</strong></span> <span class='ocrx_word' id='word_1_275' title='bbox 483 4101 585 4170; x_wconf 80' lang='grc' dir='ltr'><strong><em>δικῶν</em></strong></span> <span class='ocrx_word' id='word_1_276' title='bbox 598 4107 684 4188; x_wconf 86' lang='lat' dir='ltr'><strong>qumi</strong></span> <span class='ocrx_word' id='word_1_277' title='bbox 699 4108 842 4189; x_wconf 87' lang='lat' dir='ltr'><strong>tptaetlmn</strong></span> <span class='ocrx_word' id='word_1_278' title='bbox 858 4107 1036 4189; x_wconf 73' lang='lat' dir='ltr'><strong>apennina,</strong></span> <span class='ocrx_word' id='word_1_279' title='bbox 1058 4106 1136 4172; x_wconf 87' lang='lat' dir='ltr'><strong>siout</strong></span> <span class='ocrx_word' id='word_1_280' title='bbox 1151 4107 1294 4170; x_wconf 80' lang='lat' dir='ltr'><strong>retereiunr</strong></span> <span class='ocrx_word' id='word_1_281' title='bbox 1310 4103 1339 4168; x_wconf 88' lang='lat' dir='ltr'><strong>in</strong></span> <span class='ocrx_word' id='word_1_282' title='bbox 1356 4103 1405 4168; x_wconf 92' lang='lat' dir='ltr'><strong>illo</strong></span> <span class='ocrx_word' id='word_1_283' title='bbox 1421 4103 1579 4178; x_wconf 73' lang='lat' dir='ltr'><strong>Piraeensi</strong></span> <span class='ocrx_word' id='word_1_284' title='bbox 1607 4190 1610 4195; x_wconf 21' lang='grc' dir='ltr'>Ι</span> 
     </span>
     <span class='ocr_line' id='line_1_34' title="bbox 417 4207 1579 4294; baseline 0.003 -25"><span class='ocrx_word' id='word_1_285' title='bbox 417 4220 633 4290; x_wconf 89' lang='lat' dir='ltr'><strong>proponuntur.</strong></span> <span class='ocrx_word' id='word_1_286' title='bbox 655 4213 748 4294; x_wconf 74' lang='lat' dir='ltr'><strong>tltqtte</strong></span> <span class='ocrx_word' id='word_1_287' title='bbox 762 4213 788 4275; x_wconf 82' lang='lat' dir='ltr'><strong>is</strong></span> <span class='ocrx_word' id='word_1_288' title='bbox 802 4213 897 4288; x_wconf 81' lang='lat' dir='ltr'><strong>loeus,</strong></span> <span class='ocrx_word' id='word_1_289' title='bbox 912 4211 943 4275; x_wconf 91' lang='lat' dir='ltr'><strong>ni</strong></span> <span class='ocrx_word' id='word_1_290' title='bbox 957 4213 1050 4288; x_wconf 87' lang='lat' dir='ltr'><strong>lallor,</strong></span> <span class='ocrx_word' id='word_1_291' title='bbox 1065 4219 1128 4274; x_wconf 87' lang='lat' dir='ltr'><strong>erat</strong></span> <span class='ocrx_word' id='word_1_292' title='bbox 1142 4211 1239 4273; x_wconf 87' lang='lat' dir='ltr'><strong>lorum</strong></span> <span class='ocrx_word' id='word_1_293' title='bbox 1251 4208 1408 4284; x_wconf 86' lang='lat' dir='ltr'><strong>urbanum,</strong></span> <span class='ocrx_word' id='word_1_294' title='bbox 1423 4207 1473 4270; x_wconf 86' lang='lat' dir='ltr'><strong>ulti</strong></span> <span class='ocrx_word' id='word_1_295' title='bbox 1485 4207 1579 4272; x_wconf 87' lang='lat' dir='ltr'><strong>aetio·</strong></span> 
     </span>
     <span class='ocr_line' id='line_1_35' title="bbox 416 4311 1577 4404; baseline 0.001 -31"><span class='ocrx_word' id='word_1_296' title='bbox 416 4330 500 4388; x_wconf 84' lang='lat' dir='ltr'><strong>nunt,</strong></span> <span class='ocrx_word' id='word_1_297' title='bbox 514 4330 606 4394; x_wconf 90' lang='lat' dir='ltr'><strong>quurn</strong></span> <span class='ocrx_word' id='word_1_298' title='bbox 621 4312 815 4395; x_wconf 74' lang='lat' dir='ltr'><strong>publicarum,</strong></span> <span class='ocrx_word' id='word_1_299' title='bbox 829 4325 903 4390; x_wconf 88' lang='lat' dir='ltr'><strong>tum,</strong></span> <span class='ocrx_word' id='word_1_300' title='bbox 917 4325 951 4379; x_wconf 88' lang='lat' dir='ltr'><strong>ut</strong></span> <span class='ocrx_word' id='word_1_301' title='bbox 965 4315 1088 4388; x_wconf 77' lang='lat' dir='ltr'><strong>uidetur,</strong></span> <span class='ocrx_word' id='word_1_302' title='bbox 1104 4313 1192 4376; x_wconf 87' lang='lat' dir='ltr'><strong>etiam</strong></span> <span class='ocrx_word' id='word_1_303' title='bbox 1207 4311 1396 4394; x_wconf 67' lang='lat' dir='ltr'><strong>pensaurum,</strong></span> <span class='ocrx_word' id='word_1_304' title='bbox 1413 4330 1488 4394; x_wconf 87' lang='lat' dir='ltr'><strong>quae</strong></span> <span class='ocrx_word' id='word_1_305' title='bbox 1499 4313 1577 4404; x_wconf 88' lang='lat' dir='ltr'><strong>aputl</strong></span> 
     </span>
     <span class='ocr_line' id='line_1_36' title="bbox 416 4413 1580 4498; baseline 0 -23"><span class='ocrx_word' id='word_1_306' title='bbox 416 4433 565 4496; x_wconf 73' lang='lat' dir='ltr'><strong>querorque</strong></span> <span class='ocrx_word' id='word_1_307' title='bbox 582 4415 785 4498; x_wconf 70' lang='lat' dir='ltr'><strong>ntagistratum</strong></span> <span class='ocrx_word' id='word_1_308' title='bbox 805 4418 957 4482; x_wconf 87' lang='lat' dir='ltr'><strong>institutae</strong></span> <span class='ocrx_word' id='word_1_309' title='bbox 971 4428 1062 4494; x_wconf 75' lang='lat' dir='ltr'><strong>erant,</strong></span> <span class='ocrx_word' id='word_1_310' title='bbox 1077 4417 1151 4482; x_wconf 84' lang='lat' dir='ltr'><strong>tituli</strong></span> <span class='ocrx_word' id='word_1_311' title='bbox 1167 4425 1219 4480; x_wconf 89' lang='lat' dir='ltr'><strong>aut</strong></span> <span class='ocrx_word' id='word_1_312' title='bbox 1231 4415 1393 4480; x_wconf 84' lang='lat' dir='ltr'><strong>sntrtmaria</strong></span> <span class='ocrx_word' id='word_1_313' title='bbox 1409 4414 1515 4478; x_wconf 82' lang='lat' dir='ltr'><strong>tabulis</strong></span> <span class='ocrx_word' id='word_1_314' title='bbox 1532 4413 1580 4476; x_wconf 86' lang='lat' dir='ltr'><strong>in-</strong></span> 
     </span>
    </p>
   </div>
   <div class='ocr_carea' id='block_1_3' title="bbox 417 4653 1577 4822">
    <p class='ocr_par' dir='ltr' id='par_1_3' title="bbox 417 4653 1577 4822">
     <span class='ocr_line' id='line_1_37' title="bbox 486 4653 1577 4727; baseline -0.004 -19"><span class='ocrx_word' id='word_1_315' title='bbox 486 4657 512 4719; x_wconf 80' lang='lat' dir='ltr'><strong>itl</strong></span> <span class='ocrx_word' id='word_1_316' title='bbox 531 4655 569 4707; x_wconf 80' lang='lat' dir='ltr'><strong>ne</strong></span> <span class='ocrx_word' id='word_1_317' title='bbox 584 4656 750 4720; x_wconf 58' lang='lat' dir='ltr'><strong>Apameam·</strong></span> <span class='ocrx_word' id='word_1_318' title='bbox 766 4659 864 4727; x_wconf 67' lang='lat' dir='ltr'><strong>quiden</strong></span> <span class='ocrx_word' id='word_1_319' title='bbox 881 4671 952 4715; x_wconf 77' lang='lat' dir='ltr'><strong>certa</strong></span> <span class='ocrx_word' id='word_1_320' title='bbox 969 4678 1011 4715; x_wconf 83' lang='lat' dir='ltr'><strong>res</strong></span> <span class='ocrx_word' id='word_1_321' title='bbox 1024 4669 1065 4716; x_wconf 79' lang='lat' dir='ltr'><strong>etl</strong></span> <span class='ocrx_word' id='word_1_322' title='bbox 1081 4676 1113 4713; x_wconf 81' lang='lat' dir='ltr'><strong>ex</strong></span> <span class='ocrx_word' id='word_1_323' title='bbox 1132 4658 1260 4726; x_wconf 74' lang='lat' dir='ltr'><strong>Aetttoptt.</strong></span> <span class='ocrx_word' id='word_1_324' title='bbox 1278 4657 1355 4724; x_wconf 81' lang='lat' dir='ltr'><strong>Vesp.</strong></span> <span class='ocrx_word' id='word_1_325' title='bbox 1368 4671 1393 4710; x_wconf 91' lang='grc' dir='ltr'><strong>ν.</strong></span> <span class='ocrx_word' id='word_1_326' title='bbox 1409 4653 1488 4718; x_wconf 80' lang='lat' dir='ltr'><strong>taut,</strong></span> <span class='ocrx_word' id='word_1_327' title='bbox 1506 4661 1534 4706; x_wconf 86' lang='lat' dir='ltr'><strong>et</strong></span> <span class='ocrx_word' id='word_1_328' title='bbox 1546 4654 1577 4705; x_wconf 76' lang='lat' dir='ltr'><strong>de</strong></span> 
     </span>
     <span class='ocr_line' id='line_1_38' title="bbox 417 4741 1126 4822; baseline 0.001 -24"><span class='ocrx_word' id='word_1_329' title='bbox 417 4741 578 4795; x_wconf 59' lang='lat' dir='ltr'><strong>mistim</strong></span> <span class='ocrx_word' id='word_1_330' title='bbox 588 4743 692 4814; x_wconf 65' lang='lat' dir='ltr'><strong>esp-eti</strong></span> <span class='ocrx_word' id='word_1_331' title='bbox 704 4759 736 4794; x_wconf 76' lang='lat' dir='ltr'><strong>ex</strong></span> <span class='ocrx_word' id='word_1_332' title='bbox 749 4753 815 4796; x_wconf 78' lang='grc' dir='ltr'><strong>οτιῑ.</strong></span> <span class='ocrx_word' id='word_1_333' title='bbox 829 4747 853 4796; x_wconf 77' lang='lat' dir='ltr'><strong>in</strong></span> <span class='ocrx_word' id='word_1_334' title='bbox 866 4745 1000 4802; x_wconf 71' lang='grc' dir='ltr'><strong>Τὶοιινίι.</strong></span> <span class='ocrx_word' id='word_1_335' title='bbox 1014 4767 1037 4822; x_wconf 85' lang='lat' dir='ltr'><strong>p.</strong></span> <span class='ocrx_word' id='word_1_336' title='bbox 1053 4747 1126 4800; x_wconf 71' lang='lat'><strong>¹324.</strong></span> 
     </span>
    </p>
   </div>
   <div class='ocr_carea' id='block_1_4' title="bbox 0 0 1911 5609">
    <p class='ocr_par' dir='ltr' id='par_1_4' title="bbox 0 0 1911 5609">
     <span class='ocr_line' id='line_1_39' title="bbox 0 0 1911 5609; baseline 0 0"><span class='ocrx_word' id='word_1_337' title='bbox 0 0 1911 5609; x_wconf 95' lang='lat' dir='ltr'><strong> </strong></span> 
     </span>
    </p>
   </div>
  </div>
 </body>
</html>
