3792 5609
793 858 823 867 -.
846 768 994 869 Ψ.-.

307 959 464 1039 optimates
482 955 560 1039 plebi
578 958 738 1041 Spartanae
756 961 923 1043 oppositos.
957 964 994 1025 dt
1012 962 1090 1025 enirn
1111 960 1178 1043 qrris
1194 964 1342 1045 spondere
1357 962 1473 1045 poterit,

306 1062 384 1127 hane
397 1081 430 1125 re
443 1080 511 1125 sera
525 1062 732 1127 Demosthenis
747 1075 876 1129 mentem
891 1063 980 1128 esse?
1002 1064 1133 1149 Namque
1144 1064 1266 1128 athenis
1281 1076 1309 1129 et
1324 1066 1353 1129 in
1370 1066 1473 1149 pierio·

307 1187 364 1249 que
378 1167 513 1231 Graeciae
528 1164 691 1231 civitatibus
706 1187 810 1231 onroes
825 1178 920 1232 terrae
935 1182 985 1233 aut
1000 1169 1081 1233 urhis
1097 1170 1220 1239 insudas,
1237 1171 1406 1253 quicunque
1420 1188 1473 1233 ner

307 1272 384 1334 servi
399 1288 495 1353 neque
509 1270 642 1353 inquilini
656 1270 716 1334 sint
726 1306 768 1319 —-
778 1290 905 1353 qarorunr
918 1290 1043 1336 nurnero
1055 1274 1141 1336 otiam
1154 1273 1277 1336 tiburtini
1289 1274 1474 1337 eontinentur

308 1408 351 1421 -
366 1366 474 1460 δήμου
488 1374 610 1438 nomine
624 1374 761 1458 appellari
773 1374 915 1449 ridentur,
930 1376 990 1437 siro
1004 1396 1097 1459 aequo
1114 1376 1143 1439 in
1159 1396 1191 1439 re
1202 1376 1315 1459 paddiea
1327 1376 1399 1450 inre,
1414 1376 1472 1437 sire

309 1478 410 1559 iniquo
424 1488 509 1552 sunt,
530 1479 780 1561 qraerrradrnodunr
795 1480 873 1561 apud
888 1480 1063 1561 Epidaurius
1079 1480 1128 1561 qui
1145 1472 1322 1555 κονίποδες
1336 1479 1472 1543 ‹titulun-

309 1593 366 1657 tur,
381 1582 411 1645 h.
422 1602 448 1645 e.
460 1582 543 1665 piehs
553 1582 662 1647 mastica
677 1593 706 1646 et
720 1582 797 1663 agris
812 1583 943 1646 rolendis
962 1582 1047 1646 arnico
1068 1594 1222 1666 oeenpata,
1243 1580 1351 1669 δῆμος
1365 1603 1471 1647 romn-

310 1688 413 1763 tort),
431 1685 499 1749 lieet
516 1704 579 1749 non
598 1696 696 1749 essent
716 1680 752 1750 ἐν
768 1681 817 1771 τῷ
838 1680 1072 1769 πολιτεύματι,
1093 1688 1145 1749 sed
1165 1686 1411 1750 administrandae
1432 1687 1472 1749 rui

308 1789 441 1872 puhlieae
464 1801 609 1873 expertes.
642 1788 745 1866 Quid?
770 1791 851 1871 qrrod
872 1790 1033 1854 diesseniae
1057 1810 1176 1872 partique
1196 1800 1306 1853 totenes
1327 1790 1437 1853 incolas
1456 1811 1472 1851 a

308 1892 501 1957 Doriensibus
512 1895 646 1958 vietoset
658 1894 689 1955 in
700 1894 875 1957 deteriorem
887 1893 1087 1956 eoneiitionenr
1100 1893 1234 1957 reuinctos
1254 1904 1352 1957 tarrren
1370 1891 1475 1979 δῆμον

309 1996 469 2061 Pausanias
483 1998 553 2059 dirit
568 1996 614 2072 Ν,
625 1996 655 2070 3,
667 1996 696 2070 3,
711 1996 838 2079 itemque
853 1998 996 2061 hanoniae
1012 1996 1121 2060 incidas
1137 2018 1154 2059 a
1167 1996 1320 2079 Spartanis
1336 1995 1474 2058 satinetos

310 2102 455 2165 isocrates
466 2100 623 2175 Panathd.
634 2100 692 2162 tas
703 2102 808 2165 eosdem
818 2100 939 2164 oramine
949 2098 1090 2181 «insignat,
1102 2096 1476 2183 quurnSpartanosaitrrir

310 2201 416 2290 δῆμον
426 2195 621 2290 περιοίκους
631 2196 860 2288 ποιήσασθαι.
883 2204 998 2279 Quodsi
1013 2206 1116 2266 sortem
1133 2204 1224 2266 ruodo
1239 2196 1297 2265 τὸν
1312 2198 1419 2287 δῆμον
1433 2202 1475 2263 rei
1496 2216 1511 2232 ·

309 2302 387 2383 soie
397 2298 542 2382 πολλούς
551 2304 639 2370 etiam
650 2306 728 2388 apud
740 2306 968 2371 Demosthenem
981 2306 1167 2387 aeripiernus,
1183 2304 1253 2367 nihii
1265 2304 1342 2367 atiud
1355 2306 1380 2368 is
1391 2304 1476 2375 dion,

310 2407 366 2471 nisi
387 2408 460 2483 hoe,
487 2426 549 2471 non
569 2426 674 2471 omnes
694 2408 959 2481 Lacedaemonios,
986 2408 1035 2489 quai
1057 2426 1111 2471 nec
1131 2406 1208 2470 serui
1228 2426 1323 2487 seqare
1344 2406 1477 2487 inquilini

309 2519 418 2587 essent,
431 2530 494 2573 rem
505 2510 661 2593 pubiioanr,
674 2518 708 2574 ut
717 2510 939 2573 Atheniensium
949 2511 1104 2591 pupuhrnr,
1113 2509 1327 2581 administrare,
1342 2508 1393 2571 sed
1404 2508 1476 2570 suh·

311 2614 402 2677 ieetos
422 2633 490 2677 esse
507 2622 678 2678 senatorum
693 2622 723 2676 et
737 2612 940 2676 idumoeorum
957 2612 1107 2695 potestati3
1123 2630 1273 2694 aprumque
1287 2612 1344 2674 hoe
1358 2611 1476 2693 «pridem
1571 2610 1574 2613 ’

312 2716 499 2780 manifestum
519 2718 571 2790 sit,
597 2717 750 2781 idomoeos
770 2716 847 2779 eires
861 2734 929 2778 esse
944 2716 1121 2796 Spartanos,
1147 2714 1215 2778 iihrd
1231 2714 1355 2777 alterurn
1372 2724 1478 2788 tantun,

311 2829 411 2883 utrum
436 2821 590 2903 panciores
616 2820 734 2902 quidam
760 2820 821 2883 sint
844 2819 949 2881 ceteris
974 2817 1084 2881 cirihus
1104 2818 1288 2901 superiores,
1315 2837 1352 2881 an
1373 2836 1477 2880 omnes
1575 2854 1579 2862 ·

312 2924 422 3005 pariter
439 2924 592 3006 Spartani,
618 2922 919 2987 Laouiaemoninrum
946 2921 1124 2985 nndtitudini
1145 2923 1233 2999 (τοῖς
1248 2916 1402 2999 πολλοῖς)
1421 2921 1478 2983 irn-

312 3037 463 3109 perantes,
478 3048 512 3092 ex
528 3026 735 3091 Demosthenis
750 3026 848 3090 seritis
863 3025 944 3088 nulio
960 3025 1051 3088 modo
1068 3024 1187 3107 intelligi
1203 3034 1311 3109 potest.
1344 3026 1481 3087 (letentur

312 3143 498 3217 utrocunque
517 3132 610 3195 sinodo
629 3131 699 3195 iilud
719 3121 847 3212 ipsisne
864 3148 975 3193 nomen
996 3128 1151 3211 accipitur,
1171 3148 1274 3193 uereor
1294 3128 1428 3211 etparidern
1445 3146 1482 3189 ne

313 3236 496 3299 suhahsurda
511 3236 612 3299 eradat
626 3234 780 3298 sententia.
807 3234 926 3315 Quippe
939 3234 1079 3297 dicuntur
1094 3242 1245 3297 senatores
1261 3251 1318 3295 arna
1334 3252 1402 3295 enm
1419 3231 1481 3292 iio·

314 3338 409 3403 moeis
422 3359 485 3404 rem
500 3338 648 3422 pudilicam
662 3338 693 3402 in
708 3346 854 3421 potestate
869 3336 986 3411 liotore,
1001 3336 1088 3418 idque
1103 3338 1264 3419 praerniunr
1277 3356 1343 3399 esse
1355 3333 1479 3398 virtutis.

254 3509 257 3516 ,
314 3443 391 3518 Quid
407 3439 517 3523 igitur?
539 3442 646 3505 Nonne
661 3451 827 3515 senatores,
841 3440 928 3504 etiam
943 3448 1029 3503 antea
1044 3460 1132 3521 quam
1149 3448 1299 3501 senatores
1316 3440 1433 3509 tinum,
1451 3434 1480 3497 in

315 3546 455 3610 iiomoeis
474 3554 572 3608 tanuen
589 3542 730 3610 inerunt?
751 3544 783 3607 hi
798 3543 899 3625 artique
912 3543 1120 3605 affirmandum
1131 3552 1189 3602 est:
1205 3558 1299 3619 neque
1313 3538 1393 3600 eninr
1408 3537 1481 3599 aiios

315 3668 403 3731 quam
418 3648 468 3730 qui
482 3657 584 3712 essent
597 3648 629 3710 in
648 3644 757 3710 καλῶν
771 3636 934 3727 κάγαθῶν
948 3662 1073 3707 numero
1089 3642 1118 3704 in
1134 3650 1267 3703 serratum
1281 3640 1336 3719 legi
1349 3638 1482 3721 potuisse

315 3761 440 3817 conant.
477 3750 577 3835 itaque
596 3770 688 3833 quum
708 3758 859 3811 senatores
880 3766 942 3809 rem
962 3746 1108 3827 puhhcarn
1125 3764 1185 3807 non
1202 3744 1257 3806 soii
1273 3743 1324 3805 sed
1340 3760 1398 3807 una
1414 3760 1480 3805 erint

316 3854 458 3918 iiomoeis
472 3852 503 3917 in
518 3862 661 3937 potestate
674 3851 812 3926 habeant,
826 3868 929 3913 nonne
943 3848 1040 3931 potuit
1054 3848 1159 3911 eotiem
1175 3848 1238 3909 iure
1248 3845 1314 3919 diri,
1331 3845 1483 3909 llorrroeos

315 3976 375 4021 una
389 3976 457 4021 mm
472 3956 657 4021 senatoribus
672 3974 734 4019 rem
750 3953 897 4038 pubiimm
913 3952 944 4015 in
959 3960 1105 4033 potestate
1124 3948 1255 4013 habore?
1288 3949 1376 4025 Quod
1399 3948 1426 4011 si
1445 3948 1484 4011 ita

317 4069 377 4135 est,
402 4059 542 4143 quidnam
561 4059 632 4131 illis,
652 4058 703 4140 qui
722 4068 873 4121 senatores
888 4055 1076 4129 creabantur,
1096 4072 1188 4137 quum
1204 4054 1260 4137 iam
1276 4064 1359 4115 antea
1375 4052 1406 4115 in
1421 4052 1484 4114 Ιίο·

317 4162 413 4226 moeis
433 4163 573 4237 tuissent,
592 4178 775 4244 magnopere
792 4159 922 4223 ariditum
942 4176 1009 4222 esse
1024 4154 1179 4220 disemus?
1200 4167 1251 4219 aut
1265 4156 1416 4238 ‹prodnarn
1432 4154 1485 4216 tuit

197 4344 201 4350 .
319 4266 378 4329 hoe
395 4265 588 4349 praecipuum
607 4264 722 4330 n'rtutis
740 4262 918 4348 praemium,
940 4269 972 4323 ut
991 4260 1153 4324 retinerent
1172 4259 1252 4343 quod
1272 4277 1432 4323 nonrmune
1453 4256 1487 4319 iis

320 4370 414 4433 hrerat
438 4388 507 4433 eum
533 4370 639 4435 ceteris
659 4368 801 4433 Homoeis
819 4364 906 4429 etiam
926 4373 1100 4445 antequam
1119 4372 1272 4427 senatores
1293 4356 1487 4425 crearemur?

320 4471 431 4537 Dixerit
444 4473 572 4537 tortasse
585 4472 706 4557 aliquis,
728 4481 881 4535 senatores
895 4476 994 4529 tauron
1009 4466 1116 4549 aliquid
1132 4466 1281 4549 praeeipui
1296 4466 1370 4529 iuris
1381 4483 1417 4528 ae
1430 4483 1487 4545 po·

322 4575 436 4639 testatis
451 4596 522 4658 prae
540 4576 644 4641 oeterh
662 4574 803 4639 iiomods
823 4569 971 4636 hahuisse
1008 4570 1097 4652 Atqui
1111 4569 1324 4665 Demosthenes
1339 4576 1417 4632 nene
1430 4566 1490 4629 hoe

392 4796 416 4863 i)
435 4794 563 4849 Platamh.
576 4801 685 4864 questi.
697 4808 782 4861 pnes
794 4808 818 4845 e.
831 4792 856 4845 1.

1153 4848 1157 4859 ’
1267 4876 1287 4937 s
