3792 5609
881 706 1082 806 „un

401 905 470 961 tur⁴
482 898 524 974 ¹),
542 904 572 959 ct
589 903 726 979 parentes
745 913 864 978 equoque
882 895 947 960 eius
967 897 1014 960 alii
1029 898 1156 962 fortasse
1169 895 1236 960 abbi
1251 896 1427 961 dicerentur.
1459 895 1562 978 Neque

400 1000 481 1063 cuim
498 1000 557 1062 boc
571 998 602 1062 in
615 997 757 1078 religione
771 997 909 1081 cultuque
923 1001 1048 1064 oleorum
1061 1021 1079 1064 a
1093 999 1238 1063 ueteribus
1253 1001 1419 1082 quaesitum
1434 1019 1500 1061 esse
1513 1018 1562 1062 ar·

401 1103 502 1175 bitum,
521 1102 601 1165 anile
618 1102 744 1182 quisque
762 1120 867 1164 eorum
886 1111 971 1166 ortus
989 1111 1084 1177 esset,
1103 1103 1155 1166 seul
1171 1102 1250 1183 qumi
1265 1102 1329 1164 uires
1343 1121 1468 1177 astarten,
1486 1121 1563 1182 quae

400 1214 545 1286 putmtas,
565 1222 640 1285 qum
653 1201 794 1270 beuebcia
808 1215 922 1267 essent:
943 1206 1133 1288 quaestiones
1147 1203 1219 1268 istac
1235 1205 1436 1287 genealogicae
1450 1205 1562 1268 lalusla·

400 1327 466 1372 suar
486 1305 701 1370 scrutatoribus
720 1317 750 1369 at
769 1306 913 1390 theologis
932 1327 1023 1372 curae
1042 1317 1141 1382 eraut,
1160 1307 1198 1372 ael
1216 1307 1387 1391 religionem
1407 1307 1480 1371 nihil
1500 1326 1564 1370 ma·

400 1429 530 1494 gmopere
543 1410 736 1492 pertinebant.
1488 1484 1490 1488 ,

486 1515 651 1578 Commune
667 1522 765 1578 autom
781 1514 962 1579 Graecorum
978 1513 1172 1596 religionibus
1186 1513 1246 1578 boc
1259 1521 1331 1589 erat,
1346 1523 1379 1578 ut
1392 1514 1485 1577 multa
1498 1513 1565 1577 ubi-

400 1635 460 1698 que
474 1624 504 1680 et
517 1617 594 1680 saria
609 1617 733 1681 deorum
749 1617 926 1698 cognomina
941 1626 1052 1694 essent,
1066 1617 1146 1680 unsle
1160 1617 1218 1680 bos
1232 1634 1295 1680 non
1310 1633 1379 1678 raro
1395 1607 1567 1678 notarat-

400 1738 484 1800 μοι-ς
503 1739 519 1782 a
539 1719 636 1800 poetis
656 1720 755 1784 uocari
774 1720 982 1798 s·isb·.nsus⁴²).
1023 1719 1065 1782 Ea
1084 1719 1262 1798 cognomina
1281 1718 1390 1801 partim
1409 1718 1530 1799 quidem
1550 1739 1568 1780 a

401 1823 494 1884 rubus
514 1821 643 1884 externis
662 1822 748 1885 (lucta
767 1829 852 1886 erant
871 1821 1016 1904 adipsum
1033 1820 1158 1884 oleorum
1172 1821 1327 1885 notionem
1340 1837 1403 1883 nou
1418 1819 1568 1902 pertiuen-

405 1924 497 1997 tibus‚
511 1923 588 1985 uolut
601 1941 693 2004 equum
708 1923 841 2005 luppiter
854 1923 967 1999 ldacus,
983 1924 1172 1998 Dodonaeas,
1187 1923 1352 2006 btabqriue,
1366 1923 1440 1986 luno
1455 1921 1569 2004 Argiva,

406 2025 562 2107 Neptunus
581 2024 763 2102 llelieonius,
782 2025 887 2109 Apollo
907 2027 1038 2102 llbaeus,
1059 2027 1148 2091 Diana
1166 2025 1343 2100 Brauronia,
1362 2025 1491 2089 llissersa
1510 2025 1568 2088 Su·

407 2127 485 2202 nias,
503 2126 665 2191 llereurius
680 2127 826 2210 Cyllenius
846 2127 1026 2206 dicebantur,
1046 2129 1154 2212 partim
1168 2138 1267 2192 autem
1281 2127 1376 2192 uarias
1390 2145 1496 2192 eorum
1511 2147 1567 2210 po·
1676 2167 1679 2170 -

408 2238 542 2304 testatos,
561 2227 663 2294 munia
677 2249 711 2293 ao
726 2231 866 2296 beneficia
880 2231 1096 2313 significabant,
1117 2241 1241 2316 proptor
1255 2252 1331 2314 quae
1345 2232 1383 2296 ab
1398 2231 1569 2294 bominibus

408 2331 618 2397 iniciabantur
636 2341 667 2397 ot
684 2333 864 2398 colebantur.
897 2335 1098 2399 Plurirnorum
1118 2334 1293 2416 significatio
1312 2334 1450 2414 ambigua
1468 2340 1500 2396 et
1513 2334 1569 2396 ob·

408 2453 495 2498 scura
509 2443 568 2509 est,
587 2453 643 2497 nec
656 2452 777 2516 serssper
792 2447 873 2500 corto
888 2439 1030 2517 cognosci
1045 2445 1160 2519 potest,
1179 2445 1319 2500 utrumne
1333 2434 1455 2518 propria
1468 2435 1569 2517 quotins

408 2537 532 2601 deorum
547 2536 681 2610 sicinina,
700 2555 775 2618 quac
790 2557 891 2618 graece
906 2533 1005 2624 κύρια
1018 2547 1170 2614 uocantur,
1190 2555 1228 2601 an
1243 2546 1440 2618 cognomenta
1456 2545 1570 2599 tantum

408 2638 538 2723 propriis
558 2637 730 2702 nominibus
749 2640 845 2703 addita
865 2661 889 2704 s.
905 2633 1056 2704 ἐπίθετα
1074 2640 1198 2704 dicenda
1218 2639 1286 2702 siut.
1319 2639 1362 2702 lle
1381 2637 1489 2702 talibus
1504 2639 1571 2720 qui·

408 2741 490 2813 dem,
515 2741 611 2822 qualia
629 2747 702 2804 snat
720 2732 927 2822 ἀλεξίκακος,
947 2732 1094 2825 dyracio,
1114 2736 1375 2829 agonturq'qtog,
1394 2735 1573 2827 κουροτρό-

409 2863 487 2932 qog,
512 2836 641 2924 υόμιος,
661 2839 801 2924 ἵππιος,
821 2839 1009 2931 πρόμαχος,
1027 2840 1256 2934 beopaoqupog,
1275 2838 1442 2928 μειλίχιος
1460 2844 1574 2927 aliaque

411 2947 529 3024 similia,
547 2965 637 3011 nemo
656 2946 780 3013 errabit:
803 2967 865 3012 nors
885 2967 1051 3032 paucorum
1071 2960 1169 3015 tamen
1187 2950 1263 3014 ratio
1277 2949 1505 3032 haudquaquam
1520 2968 1573 3012 es·

410 3051 508 3134 paanlita
522 3058 577 3114 est.
607 3049 670 3114 Noc
684 3050 810 3115 slubitari
826 3061 934 3134 potest,
949 3053 1022 3136 quin
1036 3053 1174 3136 primitus
1190 3053 1289 3117 omunia
1303 3054 1427 3116 deorum
1443 3053 1574 3130 uomina,

410 3155 498 3218 otiatur
512 3175 547 3217 oa
562 3173 636 3236 quae
650 3153 772 3238 propria
787 3154 942 3232 balsuntur,
962 3158 1136 3239 appellativa
1152 3157 1275 3234 luerint,
1291 3157 1350 3221 boc
1363 3165 1409 3220 ost
1422 3156 1458 3221 ad
1472 3155 1573 3220 notio·

410 3258 457 3323 nis
472 3256 593 3322 alicuius
609 3257 854 3340 siguilicatiouom
869 3257 1022 3342 imposita,
1036 3281 1215 3343 quamquam
1230 3281 1306 3344 quau
1322 3261 1362 3324 sit
1376 3261 1447 3324 baec
1461 3259 1573 3342 signill-

411 3361 487 3426 eatio
506 3361 682 3445 plerumque
700 3379 757 3426 nos
773 3361 860 3442 sugit,
880 3363 941 3426 siue
956 3364 1037 3446 quod
1051 3383 1085 3428 ea
1099 3366 1221 3428 nomina
1236 3383 1273 3427 ex
1287 3363 1495 3446 antiquissimo
1510 3363 1575 3448 pla·

411 3485 506 3548 mque
525 3465 660 3530 olssaalotu
674 3483 815 3530 sermone
829 3466 1009 3532 Graecorum
1025 3478 1153 3543 serrata,
1169 3468 1231 3533 siue
1244 3468 1326 3551 quosl
1340 3487 1378 3533 ne
1392 3486 1493 3549 graeca
1507 3467 1575 3550 qui·

354 3583 390 3638 rs
412 3571 480 3632 doru
498 3570 551 3634 sed
571 3569 735 3652 peregriua,
756 3579 785 3634 ct
805 3573 900 3635 souma
913 3579 1029 3637 tantum
1043 3571 1214 3654 graecanica
1228 3571 1331 3636 induta
1346 3580 1430 3646 sunt,
1449 3570 1576 3652 inquot

414 3673 451 3736 sle
465 3673 613 3737 nusurrullis
627 3673 729 3757 utique
743 3673 966 3739 concedendum
980 3683 1034 3739 est.
1067 3675 1127 3739 Saul
1141 3676 1179 3739 tle
1192 3676 1230 3738 iis
1244 3693 1376 3758 quoque,
1397 3693 1473 3757 quae
1489 3692 1575 3758 aper-

415 3785 474 3837 tarn
492 3776 600 3838 habant
617 3777 862 3858 significationem
876 3778 1022 3862 uulgoque
1040 3797 1096 3863 pro
1111 3779 1249 3862 epithetis
1262 3778 1418 3853 habentur,
1439 3777 1577 3860 equidem

416 3896 475 3940 nou
494 3879 610 3954 dubito,
630 3880 701 3962 quin
717 3882 807 3946 multa
822 3882 893 3947 olim
908 3883 938 3947 in
954 3883 1079 3947 deorum
1095 3882 1331 3947 invocationibus
1347 3881 1411 3946 sola
1425 3889 1578 3963 usurpata,

415 4001 508 4064 neque
528 3983 592 4048 aliis
610 3992 748 4068 tanquam
763 3984 893 4068 epitheta
909 3984 1046 4052 adiuncta
1060 3985 1184 4062 luerim,
1204 3992 1409 4068 praeterquam
1423 3984 1472 4048 his
1487 4001 1577 4065 gene·

484 4205 527 4270 ll)
546 4205 625 4259 Extat
635 4207 815 4278 anaglypburu,
826 4211 969 4280 Apollinem
982 4226 1037 4262 cuss
1050 4210 1108 4279 lpus
1120 4209 1243 4262 exbibens
1261 4208 1326 4274 (visi.
1339 4207 1367 4260 (L
1377 4207 1409 4261 0.
1419 4206 1535 4261 bluellor.
1545 4208 1577 4259 Α.
1606 4200 1608 4203 ’

417 4290 520 4344 bruburc
531 4289 561 4358 ll,
572 4292 612 4357 12,
623 4293 698 4358 lat),
715 4309 771 4346 eum
787 4297 833 4348 isse
849 4295 1025 4365 inscriptiones
1040 4290 1147 4368 Ἅγυθῇ
1160 4289 1238 4366 τύχῃ.
1257 4287 1432 4351 Ἀπόλλωνος
1451 4286 1578 4362 ὀγυιίυς,

417 4379 635 4454 apoorurqqlou,
647 4372 788 4450 πατρῴου,
801 4384 922 4447 Πυθίου,
936 4383 1072 4454 Κλαρίου,
1085 4381 1256 4435 narrantes.
1282 4377 1311 4432 C.
1324 4377 1419 4431 laser.l
1432 4379 1539 4431 nullib.

484 4462 528 4524 ll)
546 4459 583 4514 Cl.
592 4463 722 4530 Spanbem.
731 4465 763 4516 sl
773 4465 869 4519 cattum.
880 4469 904 4520 ls.
915 4467 939 4520 is
950 4468 1022 4520 ilisa.
1031 4467 1089 4521 et.
1108 4467 1235 4536 Apollinis
1246 4465 1394 4532 eognonisa
1403 4465 1492 4530 uiginti
1504 4471 1578 4530 qast-

418 4556 476 4599 tuor
496 4547 632 4600 maruan
652 4549 764 4602 ortlucas
784 4549 929 4617 litterarum
948 4561 1131 4607 esa-arantur
1145 4553 1171 4606 ia
1187 4552 1367 4622 epigramata
1382 4551 1487 4606 masal.
1498 4549 1579 4604 l'slst.

417 4631 463 4698 lx,
472 4631 537 4685 tnta
552 4632 680 4702 aliquanto
696 4635 770 4705 ptam
782 4634 905 4693 llorbsrli
920 4639 997 4694 latos
1013 4639 1103 4710 babet,
1119 4638 1210 4708 quibus
1222 4636 1285 4707 ipsis
1297 4651 1372 4691 assu
1383 4643 1459 4707 stqus
1469 4636 1579 4690 altanus

415 4717 587 4788 sslslipoterit.
