3792 5609
914 830 935 836 ..
991 741 1035 806 os

947 830 1115 840 0---—-·n

431 952 511 1016 quae
530 941 633 1014 postea
653 931 773 992 demum
795 928 919 1008 receptis
941 927 1138 994 inuisitatum
1153 931 1316 1013 peregrinis
1330 931 1471 996 extiterit:
1488 950 1547 1014 qua
1561 932 1599 996 de

431 1055 468 1100 re
487 1053 566 1099 nune
585 1034 751 1096 accuratius
771 1031 922 1112 disputare
941 1031 1015 1094 nihii
1034 1033 1147 1096 attinet.
1185 1033 1259 1098 Nam
1278 1044 1311 1097 ut
1325 1054 1427 1098 rerum
1447 1036 1484 1098 de
1503 1034 1598 1118 piebis

432 1138 547 1218 origine
565 1136 744 1199 Niebuhrius
764 1133 868 1196 uiderit
887 1141 928 1206 (ot
948 1134 1063 1197 ridetur
1081 1143 1155 1198 sarie
1174 1136 1246 1199 nihii
1262 1137 1387 1200 transiri
1401 1139 1512 1200 summi
1527 1155 1597 1200 sen·

433 1239 525 1302 tentia
544 1237 755 1320 probabilius),
781 1237 864 1317 ipsos
888 1236 954 1298 ilios
974 1236 1052 1298 eires
1071 1239 1277 1319 adscripticios
1295 1240 1325 1302 in
1345 1239 1441 1302 etenim
1463 1248 1597 1319 receptos

431 1361 501 1404 esse
519 1340 631 1422 passim
652 1348 789 1402 testatum
809 1339 932 1418 tegimus
955 1341 1035 1419 apud
1051 1340 1233 1422 Dionysium,
1247 1342 1325 1404 reiut
1338 1341 1374 1412 ΙΙ,
1386 1343 1428 1404 50
1442 1342 1480 1403 de
1494 1341 1598 1404 Cense-

432 1444 509 1507 rinis
528 1432 599 1522 (otig
610 1445 687 1519 ταῖς
706 1435 871 1528 φράτραις
881 1434 1112 1526 ἐπεμέρισαν),
1132 1443 1172 1506 ib.
1189 1465 1215 1505 e.
1227 1445 1268 1505 55
1284 1444 1321 1505 de
1336 1443 1505 1506 Veientibus
1520 1454 1599 1520 tero·

430 1539 529 1623 λίτας
539 1538 765 1630 ποιησάμενος
777 1547 852 1621 ταῖς
862 1538 1029 1630 φράτραις
1038 1537 1226 1620 ἐπιδιεῖλε).
1242 1545 1290 1618 ΙΙΙ,
1301 1546 1343 1608 29
1359 1545 1396 1609 de
1409 1544 1531 1608 dibanis
1547 1541 1599 1621 (rei

434 1645 571 1736 nitidos
581 1683 623 1696 —·
635 1639 684 1724 εἷς
697 1642 806 1734 φυλὰς
820 1641 878 1710 καὶ
893 1642 1044 1734 φράτρας
1054 1641 1322 1732 καταμερισθέν).
1345 1647 1500 1712 Eiusmodi
1516 1647 1599 1710 testi·

432 1753 545 1816 moniis
569 1762 713 1834 quantum
738 1751 922 1815 auctoritatis
952 1750 991 1813 eb
1021 1752 1197 1815 adversariis
1224 1751 1370 1814 tribuatur
1397 1769 1459 1814 non
1484 1751 1599 1832 ignoro,

432 1874 531 1937 neque
548 1867 703 1938 propterea
721 1856 765 1917 eis
784 1874 858 1918 uuus
879 1873 961 1928 sum,
981 1873 1041 1934 spuo
1060 1854 1195 1916 eunt-inei
1215 1854 1271 1916 irae
1290 1854 1404 1917 tutione
1423 1853 1488 1916 iiius
1509 1873 1599 1936 posse

432 1960 564 2032 credam,
579 1961 631 2022 sed
648 1968 681 2021 ut
694 1958 910 2021 inconsiderate
924 1977 978 2020 eos
994 1977 1080 2037 agere
1090 1966 1240 2040 appareat,
1254 1957 1305 2039 qui
1316 1957 1498 2038 Dionysium,
1514 1955 1599 2037 quasi

433 2081 537 2126 secum
552 2062 649 2144 ipsum
666 2073 861 2144 pugnantem,
881 2060 1046 2124 contrariae
1060 2080 1180 2142 quoque
1194 2061 1356 2123 sententiae
1370 2069 1520 2123 auctorem
1534 2060 1599 2122 iau-

433 2167 517 2228 dant
551 2165 684 2228 Ceterum
706 2185 742 2228 ue
762 2165 800 2228 itii
820 2165 939 2247 quidem
961 2164 1018 2245 ipd
1035 2164 1117 2226 tacite
1130 2164 1313 2244 negaverint,
1328 2163 1387 2226 iam
1403 2173 1470 2226 ante
1484 2171 1599 2224 sextum

433 2267 474 2330 als
495 2285 525 2328 u.
541 2289 566 2328 e.
588 2270 737 2331 saccutum
758 2268 888 2350 plebeios
908 2267 1000 2330 curiis
1015 2266 1182 2347 adscriptus
1199 2268 1301 2341 fuisse,
1316 2265 1558 2348 quandoquidem
1573 2285 1599 2325 a.

433 2371 500 2434 5⁴3
520 2370 668 2434 irosuinem
689 2369 852 2452 plebeium,
872 2371 904 2434 C.
924 2369 1085 2433 Mamilium
1100 2369 1244 2444 Vituium,
1265 2369 1417 2432 curionem
1438 2367 1601 2432 reraximuns

433 2483 567 2536 creatum
582 2473 705 2554 legiruue
720 2475 799 2554 apud
819 2473 943 2548 Liuium,
957 2472 1071 2544 xxiii,
1084 2473 1113 2536 8.
1146 2475 1193 2536 tin
1205 2475 1280 2536 torte
1291 2482 1324 2534 ut
1334 2471 1509 2535 Scribonios
1525 2471 1599 2549 (lie.

433 2575 510 2648 XLI,
521 2576 571 2638 ΙΙΙ.
586 2575 727 2638 Niebuhr.
750 2578 761 2637 Ι
781 2597 810 2657 p.
823 2576 898 2654 tto)
915 2575 954 2638 ita
964 2575 1109 2638 iiasrrdios
1121 2595 1240 2656 quoque
1251 2597 1268 2638 e
1279 2575 1418 2656 patricios
1430 2584 1514 2638 ortos
1526 2593 1599 2636 con·

435 2675 579 2740 tendent?
599 2713 641 2725 -
662 2678 812 2740 {iniremus
831 2679 920 2740 otiam
939 2679 1032 2757 legem
1047 2677 1183 2740 Ouinium
1198 2699 1215 2740 a
1231 2679 1319 2741 Festo
1338 2686 1600 2740 costeruesnoratam

436 2803 463 2843 s.
480 2801 507 2842 u.
520 2784 674 2863 praeteriti
687 2791 849 2842 martores:
869 2791 900 2842 ret
920 2781 1072 2860 reprendi
1085 2781 1215 2862 tepebunt
1229 2775 1469 2862 eeiiepeinutpue
1483 2799 1555 2862 quoe
1569 2783 1602 2840 s'ss

437 2884 557 2948 coercitio
569 2885 686 2966 publico
701 2881 849 2956 teserem,
864 2886 981 2964 depost
995 2895 1112 2946 exortos
1125 2903 1173 2945 eos
1188 2883 1318 2944 consedes
1332 2901 1443 2964 petoque
1454 2893 1480 2944 et
1490 2881 1605 2946 tribum·

437 2987 564 3052 resilitum
578 2986 731 3051 consulari
740 2997 877 3068 potestate
892 2989 1141 3050 rone‘sosctieeimos
1154 2987 1212 3049 eidi
1221 3004 1346 3068 ursosque
1358 2989 1555 3068 patriciorum
1567 3003 1602 3048 or

437 3095 505 3156 dede
517 3091 697 3174 plebeiorum
712 3089 852 3172 iepednut,
873 3093 963 3155 dorne
978 3093 1087 3152 Ooim’o
1102 3091 1262 3152 tribunicio
1275 3093 1438 3163 interuenit,
1456 3109 1515 3172 prro
1529 3109 1600 3152 suo-

437 3209 515 3260 ctuus
528 3207 569 3260 est
582 3206 614 3258 ut
629 3212 761 3258 censores
774 3213 819 3258 ee
833 3198 928 3257 omui
941 3195 1066 3257 ordisse
1080 3197 1221 3277 optimum
1236 3213 1373 3276 quemque
1388 3197 1555 3259 reerints'm
1569 3197 1601 3256 eis

347 3369 350 3374 ,
435 3311 568 3364 serentum
582 3299 714 3380 ieperent.
748 3299 886 3380 Apparet.
902 3317 995 3380 quum
1010 3298 1083 3361 tinec
1096 3299 1141 3361 ies
1155 3299 1213 3362 lata
1227 3307 1281 3374 est,
1296 3297 1326 3362 in
1337 3298 1427 3362 curiis
1438 3299 1525 3362 otiam
1538 3299 1600 3380 pdo-

436 3404 520 3466 beios
536 3403 639 3479 iuisse3
654 3403 742 3466 iatam
758 3412 854 3466 autem
871 3419 969 3483 neque
984 3411 1052 3464 ante
1066 3420 1177 3465 annum
1193 3403 1252 3464 311
1267 3423 1342 3476 cese,
1357 3403 1387 3466 id
1400 3404 1480 3484 qttod
1493 3422 1600 3466 conse»-

435 3525 503 3570 rurn
522 3516 551 3569 et
570 3505 759 3569 momorum
780 3507 839 3568 suii.
861 3505 1105 3568 commemoratio
1127 3504 1247 3580 evincit,
1272 3525 1368 3587 noque
1391 3517 1489 3569 turned
1509 3507 1602 3568 rnuito

397 3629 417 3678 n
441 3619 524 3690 post;
543 3629 612 3672 nam
632 3608 781 3672 curiarum
799 3609 828 3670 in
845 3609 1033 3670 senatoribus
1048 3609 1178 3688 tegendis
1194 3609 1337 3671 rationem
1351 3610 1438 3672 ctiam
1453 3609 1602 3690 posterio-

438 3711 522 3774 ribus
537 3729 561 3774 r.
574 3733 602 3793 p.
619 3711 804 3794 temporibus
819 3711 952 3774 habitam
967 3731 1034 3774 esse
1049 3731 1139 3774 nemo
1151 3711 1209 3774 sibi
1219 3711 1456 3794 persuadebitt).
1487 3713 1603 3788 Quodsi

441 3837 738 3850 -n--n=---—-..

508 3896 617 3961 neoni.
631 3897 688 3950 iutt.
699 3899 730 3950 sd
742 3899 932 3964 mcxxxix,
942 3899 1020 3963 ⁴²2⁶·
1032 3927 1066 3938 -
1080 3899 1189 3952 essetne·
1200 3908 1242 3952 est
1252 3899 1384 3954 Niebubrii
1396 3900 1427 3950 de
1438 3898 1495 3964 lese
1512 3898 1603 3950 (is'inis

439 3982 574 4048 disputatio
587 3980 616 4034 ΙΙ.
626 3981 655 4034 ΙΙ.
664 3981 683 4049 1,
693 3999 717 4052 p.
727 3985 777 4036 550
791 3985 855 4051 [sto
867 3986 907 4037 ed.
922 3984 938 4034 3
953 3987 971 4050 l.
1002 3985 1110 4038 Primum
1123 3985 1185 4036 iliud
1197 4003 1250 4052 „ec
1260 3989 1331 4038 omae·
1340 3983 1448 4037 αναΙίααΙ1
1461 3984 1523 4035 niisii
1534 3982 1602 4034 aliud

440 4065 584 4130 siguificare
601 4084 675 4135 posse
686 4072 816 4123 contendit
832 4071 879 4122 nisi
896 4087 954 4137 „er
965 4073 1084 4124 unomen
1097 4071 1187 4123 ordine
1196 4070 1393 4140 patriciorum‚“
1410 4069 1522 4135 legisque
1539 4068 1603 4118 isne

440 4151 589 4204 mnoentimn
602 4151 688 4222 fuisse,
701 4164 735 4222 ut,
748 4173 821 4225 quun
834 4157 893 4209 oiim
906 4165 1039 4210 senatores
1049 4171 1082 4207 ea
1092 4156 1208 4222 sentibus
1218 4157 1253 4208 ita
1262 4157 1314 4221 legi
1327 4161 1500 4221 consuessent,
1512 4160 1541 4204 nt
1552 4153 1604 4204 sin·

440 4235 555 4302 nunus
567 4239 677 4303 mutium
689 4241 779 4308 singuli
791 4251 880 4297 essert
891 4250 1032 4307 senatores,
1044 4250 1102 4310 post
1115 4243 1178 4294 isne
1189 4243 1271 4308 legem
1282 4244 1400 4295 eurtum
1414 4247 1516 4306 tantun,
1534 4239 1602 4291 nulia

440 4321 547 4390 euplius
559 4323 669 4388 sentium
682 4328 778 4380 ratione
790 4330 882 4397 habits,
895 4331 1050 4396 legerentur.
1078 4329 1149 4380 iisne
1157 4329 1224 4380 euius
1232 4327 1338 4395 priamus
1346 4327 1451 4392 predum
1460 4323 1517 4376 ieri
1526 4339 1602 4391 opor·

442 4407 522 4460 tuisse
533 4409 564 4460 sd
578 4409 718 4464 iiberteten
730 4413 829 4478 tegenti
842 4433 903 4481 esus,
916 4432 981 4484 qnae
993 4423 1082 4484 postes
1094 4415 1153 4482 tete,
1164 4431 1239 4482 quun
1251 4429 1332 4480 neque
1344 4411 1468 4464 curiam
1480 4410 1546 4462 ratio
1558 4413 1602 4462 ie·

441 4493 547 4546 ieeetnr
556 4501 584 4547 et
595 4496 686 4564 piebeii
698 4501 795 4568 pariter
804 4516 834 4552 se
846 4501 942 4568 patricii
955 4502 1110 4568 tegerentur.
1134 4499 1185 4552 iens
1197 4515 1270 4567 quum
1283 4497 1355 4551 Festi
1363 4497 1441 4549 verbe
1453 4497 1510 4548 huie
1522 4497 1603 4548 inter·

441 4579 577 4647 pretatinni
589 4596 694 4649 prorsus
705 4587 879 4653 adversentur,
890 4583 1016 4656 ietans'e
1028 4588 1109 4654 Ιοςεια
1121 4586 1266 4652 significent
1275 4593 1335 4652 post
1344 4597 1476 4636 cessuram
1484 4590 1512 4635 et
1521 4581 1601 4634 tribu·

440 4671 527 4718 sam
542 4665 675 4722 militare·
691 4671 847 4736 institutum,
867 4687 915 4740 qno
933 4679 1048 4742 tenpore
1063 4674 1113 4726 tun
1130 4672 1222 4724 dudan
1237 4670 1346 4740 piebeiis
1361 4684 1459 4737 numae
1475 4667 1559 4720 editas
1576 4665 1602 4716 tn

440 4758 556 4805 usam
567 4760 655 4822 petere
667 4763 799 4826 eoepersts
811 4771 943 4811 esaum
954 4761 1106 4812 mendenen
1114 4757 1219 4812 Festum
1230 4757 1263 4809 de
1274 4770 1321 4808 sse
1329 4755 1494 4809 admiscuisse
1503 4751 1601 4808 statuit.
