3792 5609
796 757 998 858 „³⁴1-

315 941 488 1020 ettieeretur,
503 952 599 1008 utres
614 943 709 1028 aliqua
724 951 977 1029 putresceretttl
998 947 1191 1013 lteeemiores
1204 959 1309 1013 conus
1323 968 1387 1013 non
1400 951 1480 1014 lunc

314 1045 373 1108 sim
393 1045 498 1109 caloris
517 1065 553 1110 ec
572 1047 693 1111 nomine
707 1048 839 1116 denotari
855 1060 974 1134 putant,
994 1071 1070 1134 «puae
1083 1054 1190 1116 ediciat
1203 1053 1404 1136 grandinem,
1423 1053 1479 1118 sed

314 1167 379 1212 eam
399 1147 515 1230 potius,
535 1167 610 1232 quae
630 1153 779 1232 putredini
798 1155 969 1219 aetrersetur
982 1157 1129 1238 finemque
1144 1157 1286 1238 inponat
1320 1157 1396 1220 llam
1410 1175 1478 1221 scr-

277 1307 279 1312 .
315 1249 412 1333 psentia
431 1249 557 1334 imagine
575 1253 758 1334 pestilentem
777 1255 855 1318 ittam
875 1256 1062 1339 putredinem
1076 1258 1249 1338 significari,
1266 1278 1343 1342 quae
1358 1259 1389 1322 in
1403 1259 1479 1324 loris

314 1353 445 1418 humidis
464 1373 498 1418 ae
516 1353 666 1437 depressis
684 1377 720 1422 ex
738 1359 866 1425 tontium
885 1360 1062 1441 scaturigine
1076 1378 1280 1442 summusque
1292 1361 1478 1426 nemestrinus

316 1457 550 1540 stagnationibus
565 1458 635 1522 oriri
650 1461 819 1540 sotertte),
833 1463 912 1528 unde
926 1463 1128 1546 consepsitur,
1143 1463 1233 1526 deum
1248 1463 1396 1545 Pythium,
1410 1485 1478 1528 ser·

316 1561 413 1646 pontis
432 1561 662 1639 interfectorem,
686 1584 755 1631 eum
774 1585 856 1643 esse,
876 1567 926 1650 qui
946 1566 1058 1631 salubri
1076 1567 1174 1630 calore
1193 1568 1380 1649 pestdmtem
1397 1567 1477 1632 dam

202 1701 203 1704 =
316 1665 1476 1754 putredinemimpugnetatquederincstltursusautemaliinontsancpestrten-

317 1778 375 1832 tem
386 1769 572 1852 putredinem
583 1771 701 1856 intelligi
710 1773 819 1850 uolunt,
829 1773 881 1838 sed
894 1774 971 1837 bam
982 1773 1076 1855 neapo
1085 1773 1480 1858 innocentemquseubiquc

316 1873 428 1948 existit,
445 1893 511 1939 sere
529 1893 607 1939 noro
627 1895 719 1958 quum
740 1895 773 1940 se
793 1886 968 1961 putrescens
987 1875 1073 1958 gleba
1092 1875 1223 1938 resolvit.
1254 1875 1330 1939 Νιιιι
1349 1877 1479 1941 triensem

318 1975 374 2040 sub
394 1977 573 2041 Graecorum
595 1979 675 2043 eaelo
696 1978 841 2042 imbribus
861 1977 1053 2061 potissimum
1069 1987 1100 2041 et
1117 1977 1303 2040 eluvionibus
1322 1979 1480 2054 mutinen-i,

317 2098 387 2144 sere
405 2087 501 2143 autem
517 2079 671 2158 redeunte,
690 2079 740 2144 nbi
756 2079 868 2145 imbres
882 2081 1033 2149 deficiant,
1050 2079 1205 2142 bumidam
1220 2089 1329 2143 maram
1343 2081 1416 2144 sotis
1429 2101 1482 2145 ra·

319 2182 375 2245 diis
394 2190 577 2264 pulmunes,
603 2185 730 2248 undeet
750 2202 884 2248 mensem
905 2184 1050 2248 vernalem
1071 2182 1209 2265 l‘ptlrium
1228 2182 1294 2245 lue.
1313 2183 1481 2265 putredinis

318 2287 500 2362 ellectoeem,
526 2286 598 2364 dici,
623 2297 653 2351 et
671 2287 760 2352 eleum
778 2288 839 2352 hoo
856 2307 959 2352 mense
977 2299 1093 2361 notum,
1114 2287 1226 2370 quippe
1244 2285 1296 2367 qui
1315 2287 1375 2350 rim
1394 2306 1480 2350 suam

319 2405 410 2454 seruo
430 2396 563 2472 tempore
576 2409 710 2454 exeruere
725 2390 918 2472 incipiattti.
951 2391 1029 2455 llaec
1043 2389 1143 2454 omnia
1157 2389 1308 2471 ingeniose
1321 2389 1482 2472 excogitata

319 2501 349 2556 et
367 2491 584 2576 propemodum
603 2492 639 2557 ad
659 2493 895 2576 persuadendum
915 2503 984 2576 apta
1001 2513 1070 2556 esse.
1084 2493 1187 2566 tateor,
1206 2493 1299 2555 modo
1312 2491 1372 2555 troc
1385 2509 1480 2556 unum
1503 2496 1542 2551 n

317 2593 371 2657 sbi
391 2592 554 2659 doctissimi
575 2593 770 2672 sustulissent,
790 2605 824 2661 ut
836 2593 960 2660 verbum
980 2595 1049 2659 illud
1068 2588 1208 2674 uedeo,
1227 2603 1279 2658 aut
1295 2595 1397 2677 potius
1415 2593 1482 2658 eius

318 2697 469 2783 passivum
488 2689 685 2775 atomum,
701 2697 746 2760 set
761 2698 798 2762 de
811 2697 901 2780 glebis
917 2715 1008 2762 sorno
1023 2698 1122 2762 calore
1135 2698 1373 2780 putrescentibus
1386 2698 1430 2761 rel
1444 2699 1483 2761 de

320 2800 473 2886 putredine
492 2801 627 2864 locomtm
647 2799 838 2866 humidorum
857 2801 1002 2884 aquisque
1020 2800 1226 2882 stagnantibus
1244 2801 1431 2883 oppleturum
1449 2800 1483 2862 in

319 2906 501 2968 Graecomm
527 2921 666 2967 sermone
691 2901 794 2966 tritum
821 2912 851 2966 et
869 2903 979 2985 sutgsri
1004 2922 1063 2967 usu
1088 2913 1238 2984 receptum
1260 2901 1353 2966 luisse
1370 2901 1484 2984 abquot

320 3005 436 3070 idoneis
455 3004 598 3086 exemplis
618 3005 867 3068 demonstrarent
902 3003 978 3068 Nam
996 3004 1047 3068 ubi
1066 3003 1104 3066 ‹le
1116 3003 1381 3086 significationibus
1394 3023 1483 3067 soca·

321 3109 458 3173 buterum
481 3107 588 3189 agitur,
608 3124 669 3170 non
689 3105 761 3190 quid
777 3107 906 3190 potuerit
920 3107 1078 3170 corunrode
1091 3105 1169 3182 lieri,
1188 3107 1239 3170 sed
1254 3106 1325 3188 quid
1339 3125 1406 3170 sere
1419 3106 1484 3168 lieri

321 3212 441 3276 solitum
457 3211 496 3274 sit
511 3211 702 3293 spectandum
720 3219 773 3272 est
796 3209 897 3291 ltaque
913 3208 1101 3272 excusabitur
1115 3209 1242 3272 tortasse
1256 3209 1281 3270 si
1296 3208 1364 3290 spuis
1377 3227 1484 3272 assen-

320 3315 436 3378 sionem
451 3313 549 3377 adbuc
562 3313 712 3386 collibeat,
728 3329 823 3394 neque
837 3311 1012 3374 deteriorem
1027 3311 1085 3374 sibi
1099 3311 1219 3375 atteram
1233 3311 1378 3374 rationem
1391 3311 1484 3375 sirleti

322 3420 453 3492 tutentur,
473 3434 530 3497 qua
550 3433 660 3478 nomen
678 3433 770 3497 quum
791 3415 911 3478 oractdo
931 3415 1054 3496 eiusque
1073 3415 1205 3490 custodi,
1223 3424 1287 3478 tum
1307 3415 1363 3478 deo
1382 3413 1484 3477 eutici·

238 3595 241 3602 ἢ
320 3518 403 3584 nanti
418 3539 435 3582 a
449 3519 538 3582 uerbo
554 3511 737 3584 πυθέσθαι
753 3515 878 3581 inditum
894 3536 962 3580 esso
975 3516 1124 3592 stautitur,
1145 3517 1254 3581 seilicet
1267 3517 1336 3600 peria
1350 3515 1486 3580 sciscita-

321 3629 425 3688 rentur
444 3620 484 3684 ibi
504 3619 641 3684 homiues
656 3641 732 3704 quoe
748 3621 804 3686 sibi
819 3620 926 3705 aperiri
941 3620 1030 3684 adeo
1045 3631 1196 3703 ueprereut.
1228 3621 1395 3685 rtttulerunt
1407 3621 1489 3685 boue

322 3723 466 3789 rationem
482 3731 594 3787 veteres
614 3723 734 3807 quidam
750 3725 911 3810 scriptores
926 3723 1006 3787 baud
1021 3741 1093 3787 seue
1107 3722 1234 3797 indocti,
1252 3742 1382 3806 quornm
1395 3741 1487 3798 unus,

323 3827 444 3903 Stmbo,
464 3826 552 3892 simut
572 3828 659 3892 etiam
680 3827 877 3893 obtectionem
896 3825 1044 3908 quandam
1062 3845 1080 3888 a
1098 3826 1372 3909 sernpmosionbus
1387 3845 1490 3910 gram-

321 3929 439 3996 maticis
459 3930 628 4013 oppositam
648 3949 709 3994 uon
728 3929 827 4012 magni
848 3927 991 3992 momenti
1010 3927 1067 3991 sibi
1082 3927 1172 3992 sideri
1187 3929 1327 3994 ostendit.
1359 3925 1490 4014 Καλῆ-
1579 3955 1582 3957 “

325 4036 413 4100 σθαι
435 4031 476 4097 ait
494 4032 534 4096 lx
553 4051 583 4115 p.
595 4031 658 4096 lib
679 4028 737 4097 καὶ
754 4026 815 4120 τὴν
833 4027 1004 4117 προφῆτιν
1029 4023 1203 4110 (Πυθίαν)
1228 4026 1289 4096 καὶ
1306 4027 1368 4120 τὴν
1387 4025 1493 4096 πόλιν

327 4127 470 4218 (tleod)
490 4125 637 4200 ἀπὸτοῦ
652 4129 850 4214 meteone,
870 4125 1075 4198 ἐκτετάσθαι
1091 4128 1132 4198 δὲ
1145 4129 1206 4221 τήν
1220 4129 1355 4224 πρώτην
1368 4132 1491 4201 συλλα-

394 4345 437 4411 st)
456 4344 567 4398 lleerob.
580 4343 635 4397 Sat.
647 4341 664 4411 l,
678 4341 707 4394 ti
720 4359 744 4413 p.
755 4341 805 4394 :tot
817 4339 909 4394 Zeuma
927 4331 1091 4404 „ltno'ttur
1102 4335 1216 4402 llaibroc
1225 4335 1277 4396 oris
1288 4336 1349 4396 cirri
1361 4343 1411 4412 τῆς
1421 4338 1492 4399 nesi·

326 4448 410 4501 esec,
426 4432 451 4486 itt
467 4441 509 4486 cst
525 4449 574 4485 non
589 4447 605 4484 a
621 4431 807 4484 consultatione
823 4428 983 4482 omentorum
998 4428 1083 4483 dietas
1098 4446 1115 4482 s
1132 4429 1244 4500 pisticis
1259 4428 1430 4497 existimetur,
1445 4431 1493 4482 sed

326 4514 387 4573 cirri
404 4519 454 4573 soii
472 4513 579 4573 utilem
595 4518 611 4571 l.
621 4533 645 4571 e.
657 4510 769 4584 σήπειν,
784 4515 850 4585 qnod
863 4529 987 4583 nunqua·
999 4514 1056 4568 eise
1066 4515 1093 4569 vi
1104 4515 1200 4570 catoris
1210 4515 1331 4571 etbeiter.
1356 4517 1420 4571 lliec
1429 4531 1493 4582 ers·

327 4597 442 4661 nostor
452 4604 545 4658 dietum
557 4603 734 4657 subd-saw

397 4689 440 4758 db)
459 4687 669 4754 nlnttemn,
680 4687 712 4740 ts
723 4686 805 4740 ueris
816 4685 906 4739 Golosl
916 4701 942 4756 p.
949 4687 992 4740 tn

397 4776 441 4844 66)
459 4773 490 4830 Γ.
497 4773 529 4829 (i.
535 4774 686 4840 deierans,
697 4773 728 4827 tls
739 4771 912 4841 aouqnutm
925 4770 1051 4840 Apollinis
1062 4781 1155 4828 sotera
1165 4775 1265 4841 (borel.
1277 4774 1358 4844 toto)
1369 4773 1480 4845 μοις.
