3792 5609
869 790 1067 889 ..aas

380 982 561 1047 discrindm
575 980 686 1063 colligi,
702 980 729 1045 si
744 981 844 1045 minus
857 981 979 1055 debas,
995 991 1024 1045 at
1039 990 1138 1047 tamen
1152 1000 1243 1064 posse
1258 982 1399 1047 videaurr.
1420 984 1449 1047 ls
1464 982 1554 1055 enim,
1649 988 1653 995 '

383 1086 501 1148 Hellen.
523 1084 576 1155 111.
595 1084 631 1160 3,
651 1087 672 1147 5
691 1104 757 1167 sqq.
777 1086 979 1149 narrationem
999 1084 1089 1149 habet
1108 1085 1145 1148 de
1166 1084 1317 1149 Cinadune
1335 1087 1479 1168 quodam,
1505 1086 1555 1167 qui

381 1206 481 1267 quum
496 1205 582 1267 aegra
595 1188 696 1260 ferret,
711 1188 790 1268 quod
806 1207 868 1251 non
884 1197 966 1251 esset
977 1188 1006 1250 in
1016 1188 1220 1252 llornoeorum
1232 1206 1368 1261 nurnero,
1382 1189 1556 1253 evertendae

382 1288 430 1351 rei
452 1288 585 1369 publicae
604 1287 728 1352 consilia
748 1289 906 1370 agitaverit.
939 1290 1012 1353 lirot
1031 1290 1111 1353 euim
1131 1290 1257 1367 (inodo,
1277 1300 1309 1354 ut
1324 1290 1493 1371 Xenophon
1507 1290 1556 1365 ait,

382 1387 449 1453 acui
473 1386 515 1452 ari
536 1378 628 1467 eidos
649 1387 799 1467 νεανικὸς
817 1387 875 1455 καὶ
894 1387 956 1477 τήν
974 1387 1084 1477 ψυχῆν
1104 1382 1276 1475 εὔρωστος,
1304 1386 1342 1457 oei
1361 1384 1475 1472 μέντοι
1493 1388 1559 1455 τῶν

383 1486 531 1575 ὁμοίων,
558 1494 767 1577 capiebatque,
793 1505 826 1557 ut
851 1494 952 1577 ipsunt
978 1498 1167 1577 proliteutcur
1191 1496 1267 1569 lacit,
1287 1500 1315 1571 ᾗ.
1339 1498 1393 1568 ll,
1418 1488 1560 1578 μηδενὸς

384 1589 498 1683 ἥττων
513 1584 600 1661 eleae
615 1590 651 1662 ir
664 1591 912 1679 Λακεδαίμονι.
935 1598 1081 1662 ludimus
1096 1608 1246 1679 praeterea
1263 1597 1341 1661 uaria
1356 1596 1381 1658 oi
1397 1596 1558 1659 nrmisteria

382 1722 402 1765 a
435 1700 659 1783 magistratibus
690 1701 842 1774 iniuncta,
876 1720 953 1783 quae
984 1703 1072 1766 tideru
1102 1710 1132 1765 et
1157 1700 1361 1765 strenuitatem
1387 1706 1558 1783 poscerent:

386 1805 520 1867 missum
543 1824 611 1868 esse
629 1805 667 1868 ad
687 1803 986 1887 comprehendendos
1007 1804 1037 1869 in
1057 1804 1263 1887 periuecurunr
1283 1803 1402 1885 oppidis
1422 1800 1559 1865 homines

386 1918 562 1990 suspectus,
576 1926 654 1989 quus
668 1909 772 1989 ephori
788 1909 1003 1989 designassent,
1014 1909 1189 1989 urlrlitusque
1204 1908 1230 1969 ei
1246 1907 1319 1971 alios
1334 1927 1369 1971 ex
1385 1906 1560 1973 iunioribus.

331 2013 367 2068 22
388 2008 430 2073 iia
446 2009 499 2091 qui
512 2010 627 2092 equites
641 2011 844 2075 uocabantnr³
855 2015 897 2090 ⁸),
912 2030 1038 2092 querunt
1052 2031 1141 2093 opero
1157 2010 1187 2074 in
1203 2009 1374 2074 lruiusurudi
1390 2006 1561 2072 ministeriis

388 2122 540 2188 uteretur,
560 2121 590 2189 t.
605 2114 635 2177 8.
650 2114 686 2186 a;
712 2115 764 2177 sed
780 2116 817 2178 de
836 2112 930 2195 ipsius
946 2114 1116 2178 conditione
1132 2114 1203 2177 nibil
1218 2112 1294 2176 aliud
1312 2112 1478 2193 Xenophon
1495 2130 1558 2175 rne-

390 2229 507 2290 morat‚
527 2216 585 2279 nisi
601 2216 629 2279 id
644 2216 723 2298 qnod
739 2236 831 2299 supra
850 2217 993 2289 diximus,
1019 2236 1079 2279 nuu
1106 2215 1196 2281 luisse
1212 2237 1280 2280 enm
1301 2216 1331 2281 in
1352 2214 1510 2290 linitionis,
1529 2224 1561 2279 nt

390 2338 435 2385 ne
450 2320 519 2383 illud
534 2319 655 2402 quisleur
669 2319 780 2401 liquido
796 2328 926 2394 constet,
944 2320 1055 2383 uir-ioue
1069 2322 1234 2403 Spartunus
1250 2320 1346 2384 tuterit.
1374 2320 1559 2399 Qunutquam

392 2424 456 2488 boe
474 2443 546 2487 eane
565 2422 825 2487 verisimillimum
845 2434 904 2500 est,
927 2442 1023 2507 neque
1043 2442 1076 2487 ιιι
1098 2445 1150 2497 eu.
1172 2426 1252 2507 uuurl
1273 2424 1351 2498 illos,
1372 2422 1478 2505 quibus
1498 2420 1561 2503 ipse

393 2525 603 2608 coniuratique
618 2527 664 2589 sul
679 2526 788 2589 intensi
803 2526 873 2599 sint,
888 2528 1063 2609 Spartanus,
1079 2546 1140 2590 nou
1152 2538 1248 2590 autern
1262 2527 1414 2591 llomucus
1425 2524 1562 2605 appellat.

394 2634 426 2705 d.
447 2631 478 2692 5.
498 2630 534 2702 u,
559 2638 638 2692 reete
663 2628 799 2693 concludi
825 2640 926 2711 potest
951 2630 1051 2712 ipsum
1077 2650 1138 2693 ιιοιι
1166 2628 1234 2693 itenr
1254 2630 1433 2710 Spartanum
1461 2627 1562 2701 titisse,

395 2731 545 2814 siquidem
561 2733 835 2797 rere'llermaunns
850 2732 1028 2811 reconditae)
1045 2732 1112 2797 idco
1133 2734 1191 2796 buu
1210 2732 1288 2808 lieri,
1307 2732 1386 2815 quod
1407 2732 1562 2813 poriuecus

394 2834 526 2900 maxime
545 2844 576 2899 et
590 2836 710 2900 llelotas
730 2846 778 2901 aut
800 2836 858 2900 ineu
873 2836 994 2900 haberet
1010 2836 1201 2900 consiliorum
1218 2836 1318 2899 socius
1328 2844 1379 2900 out
1393 2835 1561 2900 habiturum

396 2948 547 3025 speraret,
573 2939 624 3023 qui
648 2940 769 3023 quidem
788 2958 849 3003 uou
869 2939 943 3003 solis
964 2938 1120 3011 burnonis,
1140 2940 1193 3002 sed
1215 2939 1354 3003 cornibus
1375 2940 1453 3003 baud
1474 2939 1563 3003 dubie

397 3044 554 3128 Spartanis
570 3044 668 3108 infesti
682 3051 792 3107 essent.
816 3041 940 3105 Gratius
956 3052 1011 3115 est,
1026 3042 1106 3125 qnod
1120 3041 1197 3105 idem
1211 3042 1334 3116 inorruit.
1348 3063 1410 3107 uon
1422 3060 1564 3126 apparere

398 3168 455 3215 nur
479 3149 668 3231 Xenophon,
693 3147 720 3211 si
737 3147 850 3211 doato
872 3145 1028 3230 perioecus
1055 3158 1105 3210 out
1129 3147 1331 3210 neudnmodes
1358 3157 1452 3222 esset,
1477 3151 1563 3223 (nam

398 3272 518 3317 serrum
540 3252 631 3317 irrisae
651 3250 761 3315 nemini
781 3250 812 3314 iu
831 3258 960 3313 eruentem
978 3248 1104 3323 ueniet.)
1132 3249 1190 3312 boc
1216 3249 1314 3330 ipsuru
1331 3250 1501 3331 simpliciter
1517 3248 1564 3313 in·
1656 3282 1658 3286 ·

397 3355 504 3426 dicare.
515 3376 605 3439 quam
617 3354 900 3436 circerurloqerutioue
910 3353 965 3417 ista
979 3345 1016 3417 oi
1027 3348 1140 3435 μέντοι
1152 3348 1217 3417 τῶν
1228 3344 1354 3433 ὁμοίων
1365 3354 1406 3417 uti
1419 3353 1564 3429 maluerit,

399 3478 475 3543 qnae
502 3480 576 3524 anne
601 3459 748 3521 eiusmodi
773 3466 832 3531 eet,
858 3467 890 3520 ut
914 3476 983 3519 euru
1005 3458 1207 3521 llomoeortuu
1231 3456 1350 3539 quidem
1369 3476 1494 3521 numero
1513 3478 1565 3522 ea·

400 3564 529 3638 clusum,
557 3580 617 3626 uon
643 3571 740 3624 arrum
762 3569 794 3623 ut
813 3560 983 3642 perioecuur
1004 3570 1055 3623 aut
1076 3560 1243 3624 libertinum
1267 3559 1359 3623 luisee
1381 3561 1566 3641 {remordeat

400 3667 473 3732 Nam
504 3686 567 3731 uon
596 3686 704 3729 omrres
730 3664 809 3728 circs
834 3664 936 3746 utique
962 3663 1049 3728 etioru
1076 3664 1229 3727 lloruueos
1254 3664 1347 3727 luisse
1373 3674 1485 3728 certuru
1511 3674 1567 3739 cst,

401 3771 549 3854 siquidem
574 3769 805 3834 excludebantur
830 3768 881 3851 qui
907 3776 958 3832 aut
983 3767 1144 3831 observare
1169 3766 1355 3850 disciplinam
1379 3768 1493 3832 civilem
1514 3769 1567 3832 dc·

401 3882 572 3947 mannent.
591 3883 643 3939 aut
660 3874 725 3937 cius
745 3871 870 3937 omnino
889 3890 951 3937 non
974 3872 1134 3955 participes
1154 3871 1220 3936 loeti
1232 3880 1353 3945 esunt,
1380 3881 1431 3935 out
1445 3880 1568 3955 propter

402 3977 523 4042 nimiam
543 3987 747 4061 paupertatem
767 3974 954 4061 opositioruru
976 3976 1128 4059 impensos
1143 3978 1267 4041 tolerare
1283 3974 1446 4058 nequirent
1473 3976 1568 4058 Atque

403 4081 581 4145 detrectasse
595 4081 714 4164 quidem
728 4080 911 4146 Cinadoueru
926 4078 1098 4161 disciplinae
1114 4078 1368 4155 obseruationem,
1388 4078 1514 4162 ideoque
1534 4099 1568 4142 er

405 4183 547 4247 domnelo
561 4183 684 4249 ciecturu
699 4207 780 4261 esse,
799 4204 906 4268 parum
922 4183 1059 4247 creolibile
1073 4193 1132 4265 est,
1149 4202 1243 4265 quum
1258 4192 1288 4246 et
1303 4193 1459 4247 sueonum
1474 4182 1569 4246 uirum
1601 4222 1604 4229 ·

405 4296 435 4351 et
451 4284 640 4351 ambitiosum
660 4310 728 4351 esse
742 4282 909 4365 rideamus,
929 4287 979 4371 qni
995 4289 1128 4370 prolecto
1144 4306 1205 4351 neu
1221 4286 1438 4350 commissurus
1454 4285 1569 4360 luisset,

405 4400 509 4456 utana
530 4390 614 4472 wlpra
633 4410 754 4456 onrneru
774 4394 924 4457 bonorum
943 4391 1056 4456 aditum
1076 4390 1132 4455 sibi
1153 4388 1369 4475 praecluderet:
1391 4388 1568 4471 reliquarum

406 4492 532 4593 duanam
543 4511 698 4558 cannruua
710 4496 879 4561 utramlibet
889 4495 1036 4581 suspicari
1047 4492 1148 4559 licebit
1162 4494 1227 4558 sine
1242 4494 1298 4557 ulla
1309 4492 1440 4559 bominis
1452 4492 1568 4615 iniuria.

412 4585 465 4616 ,ιν-
1200 4594 1203 4602 =
1280 4593 1286 4607 ι
1349 4585 1354 4609 ι
1391 4582 1541 4615 ”momen

413 4670 621 4800 ,nt'i'ieidplle'lis
631 4734 684 4787 vid.
694 4733 770 4788 ilaaa.
778 4736 810 4788 ad
822 4734 889 4791 Χοι.
898 4739 930 4793 de
939 4754 962 4792 r.
971 4754 997 4809 p.
1006 4738 1065 4808 lap.
1073 4736 1130 4791 ldb.
1149 4737 1283 4791 lismaco.
1294 4684 1397 4805 balian.
1406 4670 1570 4804 liibiriiii.

474 4818 516 4888 ³⁹)
533 4818 850 4893 &istim-rm·
1474 4850 1477 4859 ¹
1509 4854 1521 4867 ··
