3792 5609
928 851 992 916 288

374 1058 436 1104 non
451 1048 581 1102 extremo
591 1056 679 1114 anno,
693 1037 856 1120 sodalique
868 1037 967 1120 priore
979 1048 1113 1119 tempore
1128 1031 1342 1124 ἀρχαιρεσίας
1356 1039 1457 1116 luisse,
1469 1041 1539 1104 boni

374 1141 542 1222 interpretis
566 1160 641 1216 essc,
666 1149 700 1202 ut
717 1139 776 1202 boc
793 1139 893 1221 ipsum
912 1137 1000 1202 ctiam
1020 1139 1101 1202 illum
1121 1139 1152 1202 in
1167 1153 1265 1206 mente
1279 1141 1418 1204 babuisse
1432 1144 1539 1208 moriat

372 1243 515 1307 Putabam
530 1243 664 1325 equidem
679 1243 913 1323 grammaticum,
927 1241 954 1305 si
968 1241 1028 1304 boc
1037 1241 1186 1318 voluisset,
1200 1244 1297 1324 paullo
1307 1243 1390 1307 aliter
1400 1245 1540 1327 loquutu-

372 1366 440 1410 rum
465 1347 569 1410 luisse:
602 1366 703 1408 remrm
728 1365 766 1408 ne
786 1345 929 1426 ntaiiguus
950 1344 1061 1419 ridear,
1086 1345 1162 1408 dabo
1182 1345 1354 1410 Peterscnio
1373 1348 1542 1428 quodvult,

372 1448 465 1513 mode
485 1450 604 1533 probet,
624 1452 733 1514 ludum
753 1468 881 1531 unquam
896 1448 1020 1512 btbenis
1034 1468 1115 1524 esse,
1133 1449 1214 1532 quod
1229 1450 1284 1514 iste
1296 1459 1444 1526 autumat,
1463 1460 1497 1514 ut
1511 1451 1542 1514 in

373 1553 574 1637 prytaniatum
606 1552 810 1618 distributione
837 1551 1026 1636 quatriduum
1044 1552 1228 1636 exciperetur
1246 1554 1375 1637 nullique
1394 1555 1542 1638 prytaniac

373 1657 590 1722 attribueretur.
627 1659 741 1740 l'ugnat
765 1657 844 1722 cuim
865 1657 923 1720 boe
942 1677 1011 1722 curn
1032 1655 1205 1722 certissimis
1226 1659 1441 1734 monumentis,
1466 1678 1541 1741 quae

374 1761 443 1827 anui
469 1763 531 1828 dies
556 1773 673 1826 orntum
693 1761 902 1845 ‹prinquaginta
922 1771 1062 1844 quattuor
1080 1781 1135 1845 per
1154 1761 1302 1845 prytanin
1320 1762 1403 1826 aliter
1424 1762 1541 1844 quidem

374 1867 432 1932 alio
447 1879 590 1951 tempore,
604 1867 655 1930 sed
671 1867 846 1932 distributos
861 1877 958 1930 banton
974 1885 1080 1929 onrnes
1092 1886 1158 1930 esse
1168 1865 1323 1943 ‹tooentrt
1354 1864 1543 1928 Petersenius

375 1983 489 2048 autem,
505 1969 643 2054 quoniam
659 1969 689 2033 in
704 1969 910 2035 distributione
924 1970 1065 2034 rarirdum
1080 1981 1139 2046 est,
1155 1970 1289 2052 potuisse
1303 1971 1391 2034 etiam
1406 1971 1465 2034 boc
1480 1969 1541 2032 lieri

376 2077 432 2151 ait,
454 2085 487 2138 ut
509 2074 664 2156 aliquando
689 2085 828 2156 quattuor
850 2075 913 2138 dies
939 2075 1024 2156 plane
1043 2093 1106 2138 non
1125 2073 1377 2138 distribuerentur.
1419 2073 1505 2155 btqui
1526 2093 1542 2136 a

378 2197 487 2262 posse
510 2177 551 2240 ad
581 2198 662 2240 esse
685 2197 755 2240 nnn
776 2180 868 2242 ralet
888 2178 1166 2261 consequentia,
1194 2186 1227 2240 ut
1251 2177 1336 2260 logici
1361 2177 1544 2260 praeripiunt

377 2281 463 2356 etsi,
483 2281 562 2363 quod
578 2282 673 2364 potnit
689 2283 814 2346 fortasse
830 2283 907 2356 lieri,
927 2291 1085 2366 propterea
1099 2281 1186 2344 etiam
1202 2283 1309 2344 laetum
1324 2301 1390 2344 esse
1403 2281 1542 2354 creditur,

378 2395 476 2447 actttm
491 2393 537 2447 est
551 2385 587 2447 de
602 2384 733 2447 bistorin.

338 2497 357 2552 ‘t
464 2487 591 2550 Tantum
606 2489 642 2552 de
657 2499 744 2552 teste:
768 2489 823 2552 iam
840 2489 877 2551 de
892 2488 1000 2552 indicio
1015 2487 1171 2551 ridendum
1187 2496 1242 2557 est.
1258 2507 1317 2570 quo
1334 2491 1425 2551 troius
1440 2486 1544 2549 Peter-

379 2589 478 2652 senius
490 2589 537 2653 isti
550 2582 770 2674 ἀρχαιρεσιῶν
780 2593 935 2674 quatriduo
947 2583 1089 2678 ἀιάρχρι,
1104 2591 1165 2653 sire
1177 2592 1286 2654 mavult
1296 2582 1542 2674 (imperandum,

378 2693 475 2756 locum
489 2713 578 2757 suum
593 2695 722 2776 assignat
737 2695 936 2760 internorum
952 2707 982 2758 et
995 2695 1138 2758 decimam
1155 2694 1318 2776 prytaniam
1333 2714 1350 2756 a
1364 2693 1411 2756 die
1425 2691 1492 2755 lilii
1507 2691 1542 2754 nal

380 2795 470 2860 xxtv
486 2797 597 2860 mensis
612 2797 823 2880 Tirarqelionis,
839 2799 887 2880 qui
903 2797 972 2860 anni
987 2797 1074 2861 emo
1090 2795 1270 2877 penultimus
1285 2805 1356 2860 erat.
1386 2794 1450 2857 lice
1464 2793 1543 2857 enim

380 2909 498 2981 tempus
523 2899 740 2981 magistratibus
761 2901 893 2965 creandis
912 2909 1054 2964 statutum
1075 2900 1165 2963 luisse
1185 2919 1220 2961 ex
1243 2899 1359 2962 duobus
1379 2897 1452 2961 isaei
1471 2895 1544 2960 loris

381 3002 501 3083 colligit,
524 3003 575 3084 qui
599 3013 670 3066 sunt
689 3003 719 3068 in
738 3005 871 3068 oratione
890 3005 926 3067 de
945 3003 1138 3085 llppollodori
1158 3003 1316 3066 hereditate
1335 3007 1363 3077 b.
1388 3002 1425 3064 16
1445 3009 1474 3062 ct
1492 2999 1544 3062 27.

381 3105 487 3169 Narem
501 3104 541 3169 ibi
558 3105 592 3181 is,
606 3105 651 3169 od
667 3106 737 3170 baec
751 3107 846 3170 oratio
861 3105 971 3188 scripta
985 3113 1040 3178 est,
1055 3105 1226 3187 Tlrraspllus
1242 3104 1409 3168 drcbidami
1425 3106 1455 3180 l.,
1470 3103 1544 3166 ado-

304 3287 312 3302 ·
382 3216 494 3290 pratum
510 3209 594 3272 scarb
609 3208 789 3290 Apollodoro
805 3210 947 3274 auunculo
961 3209 1030 3272 etin
1040 3210 1215 3290 phratorum
1226 3209 1435 3290 gentiliumque
1445 3207 1545 3268 ecum·

381 3311 451 3374 lium
481 3311 681 3376 introductum
706 3333 771 3378 esse
796 3314 1020 3397 Tlrargoliorum
1046 3315 1135 3387 leste,
1164 3313 1244 3396 quod
1269 3311 1410 3394 agebatur
1433 3309 1545 3374 mensis

381 3413 585 3497 'lirangelicnis
605 3415 698 3480 initio.
739 3415 844 3481 Postea
865 3439 931 3482 sese
949 3419 1070 3482 absente
1088 3453 1132 3465 —
1151 3417 1261 3481 abierat
1278 3417 1356 3480 enim
1373 3417 1408 3480 ad
1424 3413 1546 3497 Pptbios

380 3517 481 3592 liuius,
496 3519 626 3600 publice,
642 3529 674 3583 ut
689 3519 815 3596 ridetur,
842 3521 969 3603 legatus,
989 3557 1031 3568 -
1052 3540 1172 3585 curasse
1187 3520 1415 3602 llpoliodmutn,
1431 3528 1465 3582 ut
1477 3517 1545 3599 paqi

380 3605 433 3684 sui
443 3622 558 3698 tabulis,
572 3619 620 3710 aqi
633 3619 837 3710 ληξιαρχικῷ
852 3615 1100 3710 χραμμματείῳ,
1115 3633 1253 3706 tanquam
1270 3623 1346 3686 lilius
1361 3623 1456 3706 ipsius
1471 3621 1545 3684 ado·

382 3725 478 3806 ptirus
497 3725 718 3802 inscriberetur,
737 3727 824 3809 idque
844 3730 952 3792 brutum
972 3749 1039 3792 esse
1058 3720 1093 3790 ἒν
1112 3717 1349 3811 ἀρχαιρεσίαις.
1380 3724 1439 3788 llas
1459 3723 1548 3804 igitur

382 3817 597 3909 ἀρχαιρεσίας
616 3830 802 3894 Petersenius
820 3831 915 3894 eidem
932 3831 1028 3894 arensi
1044 3829 1231 3910 Tbargclicni
1245 3830 1376 3909 assignat
1390 3836 1547 3909 propterea

382 3928 461 4011 «quood
477 3929 648 4012 tqrtdorun
670 3933 812 3996 solemnia
827 3933 1022 4016 Thargeiione
1042 3941 1093 3996 aut
1105 3931 1300 4014 llunpebionc
1320 3930 1463 3994 celebrata
1477 3929 1547 3992 sint.

383 4029 459 4093 b'ibil
476 4051 602 4114 rrrtquam
618 4034 675 4098 eidi
691 4035 859 4100 mirabilius.
880 4035 1066 4116 Tlmrgelioni
1077 4033 1126 4116 qui
1139 4033 1425 4117 l’qtbiaassiqnaret,
1440 4033 1547 4107 adbuc,

383 4132 462 4212 ‹qrrnd
477 4134 583 4208 sciara,
604 4153 691 4198 neam
708 4137 774 4201 luite
797 4139 993 4222 blunpcbione
1007 4137 1149 4200 celebrata
1165 4135 1334 4218 complures
1349 4134 1547 4208 addiderunt,

384 4253 511 4313 quornm
537 4235 562 4296 si
583 4237 724 4317 probatur
743 4241 899 4314 sententia,
925 4239 1030 4303 violarit
1047 4238 1233 4302 Petersenins
1251 4235 1322 4319 quid
1341 4247 1547 4315 mnsoquatur.

385 4333 498 4416 Nempe
512 4329 672 4419 'l‘ba'rgelils
691 4339 860 4424 Thrasyllus
879 4343 908 4406 in
925 4340 1086 4425 phratriam
1101 4341 1288 4404 introductos
1302 4346 1361 4401 oct:
1383 4335 1477 4399 adluit
1491 4336 1546 4416 iqi-

386 4445 434 4500 tur
449 4435 505 4500 boc
519 4448 651 4521 tempore
665 4443 800 4508 btbenis:
816 4455 886 4528 post
899 4443 1052 4526 Tbargeiia
1066 4445 1218 4527 protectus
1233 4440 1329 4504 estad
1344 4439 1462 4521 l'ytlria:
1477 4457 1546 4518 aqe·

556 4651 681 4666 ...ιε’-ι.

455 4768 480 4832 7)
498 4768 556 4822 Vir.
570 4769 676 4823 motu
687 4765 762 4839 corp.
773 4767 873 4824 laconi
891 4788 916 4841 p.
928 4770 974 4824 ill
987 4785 1012 4822 a.
1025 4769 1076 4822 22³
1087 4767 1113 4822 B.
1124 4767 1300 4821 strabun-t.
1312 4782 1337 4819 v.
1351 4757 1408 4818 Alb.
1418 4764 1449 4831 ll,
1462 4781 1485 4834 p.
1499 4761 1548 4814 tte

385 4863 413 4908 et
427 4853 483 4907 tro.
