3792 5609
955 845 1019 908 258

403 1047 508 1099 turus
533 1030 594 1094 ille
620 1024 859 1114 παρανόμων
884 1023 1136 1116 γραφόμενος
1160 1047 1232 1094 ιιοιι
1258 1043 1356 1096 οεεοι
1380 1033 1416 1096 ιιι
1445 1049 1566 1096 eorum

402 1141 583 1200 nurnero.‘⁴
614 1132 692 1208 Quid
712 1133 771 1195 lanc
788 1131 831 1195 rci
850 1129 918 1194 est?
944 1134 1214 1211 Ar·gurrrentumno,
1234 1151 1272 1196 an
1288 1133 1483 1216 portentum?
1509 1135 1567 1196 lle-

403 1235 533 1303 nuatiari
556 1235 704 1298 actionem
726 1233 899 1315 interposita
919 1233 1097 1314 lipponrosia
1117 1253 1178 1296 non
1199 1235 1346 1316 potuisse,
1372 1237 1431 1300 nisi
1451 1241 1569 1300 l'uturus

401 1353 559 1405 accusator
578 1339 666 1402 ctiam
687 1337 753 1420 ipse
773 1335 805 1398 in
823 1336 1066 1398 notrrotlretarum
1085 1354 1211 1399 numero
1231 1335 1333 1400 esset?
1367 1339 1431 1402 llac
1448 1339 1568 1420 quidem

402 1445 492 1508 ainris
507 1443 670 1507 absurdum
685 1451 746 1516 cs13
765 1440 818 1502 sed
833 1438 991 1502 absurdius
1006 1437 1093 1501 eliano
1109 1437 1180 1500 illud
1194 1437 1333 1516 alterum,
1353 1443 1433 1524 quod
1449 1443 1479 1506 in
1501 1444 1568 1507 tri·

402 1547 522 1612 lounali
551 1545 840 1609 uomotlretarutn
871 1541 1038 1604 denuntiari
1067 1541 1286 1605 accusationem
1318 1545 1452 1625 poluisse
1478 1557 1566 1628 negat

402 1661 577 1736 propterca,
595 1649 677 1731 qued
692 1647 723 1710 iu
737 1645 895 1710 sortitione
909 1646 1150 1707 norrtotlretarunr
1167 1645 1229 1706 lieri
1245 1647 1389 1728 potuerit,
1403 1657 1437 1712 ιιι
1452 1652 1568 1713 futinus

401 1764 557 1819 accusator
570 1771 632 1815 non
648 1754 731 1813 lieret
744 1750 927 1812 uoratotlreta.
962 1747 1055 1823 Qtrasi
1070 1765 1139 1810 aero
1153 1767 1315 1812 consessus
1330 1755 1569 1817 nontotlretarum

402 1893 447 1906 -
462 1860 542 1922 lrunc
555 1857 635 1920 enirn
651 1852 811 1935 significari
826 1860 949 1934 apparet
962 1851 1021 1913 isto
1037 1851 1225 1926 tribunali,
1243 1887 1286 1900 -
1305 1853 1382 1916 ullus
1398 1877 1465 1920 esse
1480 1868 1569 1940 potu·

402 1963 460 2025 erit
478 1970 546 2026 ante
564 1978 653 2043 quam
674 1958 867 2021 nonrotloetac
886 1955 984 2018 sortiti
999 1966 1109 2018 essem.
1124 1989 1166 2000 --
1186 1955 1363 2019 lluiusmodi
1378 1957 1466 2040 igitur
1480 1978 1568 2041 ‹ugu-

405 2065 514 2129 mculis
534 2062 643 2127 llakius
667 2059 833 2144 pourton-rt
853 2081 887 2122 sc
904 2059 958 2134 ait,
984 2067 1018 2123 ut
1037 2059 1258 2142 lipponrosiam,
1284 2059 1310 2122 si
1329 2060 1453 2128 ornnine
1473 2064 1570 2128 lecum

404 2169 555 2243 lralmerit,
579 2186 642 2231 uon
661 2176 761 2229 ιιιιιιοιι
775 2163 833 2226 uisi
848 2163 880 2226 in
895 2163 978 2226 tertia
993 2163 1040 2226 illa
1054 2161 1177 2227 eeclesia
1192 2161 1255 2226 lieri
1270 2163 1386 2229 solitam
1402 2169 1515 2244 credat,
1542 2167 1571 2231 iu

405 2293 465 2356 qua
479 2273 590 2337 scilieet
602 2288 680 2334 nora
693 2269 738 2332 lex
753 2266 925 2331 recitaretur
938 2275 969 2328 οι
983 2265 1020 2329 do
1035 2265 1169 2330 creandis
1184 2266 1365 2330 nomotltetis
1381 2289 1449 2334 eum
1460 2271 1571 2354 populo

404 2385 552 2456 ageretur.
573 2371 735 2436 llccitatam
749 2388 858 2433 noram
872 2370 966 2451 legent
981 2369 1013 2431 iu
1027 2369 1084 2432 hac
1098 2389 1156 2434 una
1170 2368 1291 2432 eeclesia
1306 2389 1365 2452 quo
1377 2372 1442 2437 iuro
1453 2383 1573 2446 statuat,

406 2499 500 2562 sopora
519 2477 656 2540 riditrrus.
693 2472 902 2537 llecitabantur
921 2471 1001 2534 euim
1022 2472 1100 2552 leges
1119 2471 1150 2534 in
1170 2471 1310 2535 omnibus
1329 2475 1474 2546 ecelesiis.
1499 2497 1573 2558 qtrae

405 2591 476 2646 ante
490 2581 669 2645 creationem
684 2577 927 2640 nonrotltctarutn
941 2575 1134 2650 inniterentur,
1149 2593 1207 2638 nec
1220 2574 1415 2642 dubitandum
1429 2591 1485 2655 est,
1499 2579 1572 2662 quin
1603 2631 1606 2638 .

405 2684 496 2748 etiam
511 2683 541 2746 in
556 2684 663 2745 lamma
679 2698 738 2743 una
752 2697 869 2761 quaque
883 2677 988 2761 aliquis
999 2697 1120 2759 surgere
1131 2687 1161 2741 οι
1171 2679 1389 2746 accusationem
1401 2681 1573 2746 denuntiare

405 2806 461 2870 per
479 2784 688 2869 lapponiosiam
708 2781 845 2863 potuerit
880 2781 993 2844 Tamen
1009 2783 1119 2845 lactum
1134 2781 1192 2844 hoe
1206 2789 1257 2844 aut
1270 2800 1338 2845 raro
1353 2793 1405 2848 aut
1419 2803 1571 2868 nunquam

405 2910 474 2953 esse
497 2889 602 2964 crede,
628 2884 790 2967 siquidem,
816 2901 908 2964 quum
933 2882 1089 2946 aduersarii
1115 2901 1208 2946 notae
1232 2883 1287 2965 legi
1308 2883 1346 2948 alt
1372 2885 1439 2968 ipso
1457 2889 1570 2970 popule

404 3003 587 3068 crearentur,
606 2988 656 3074 qui
676 3008 741 3052 earn
759 2986 838 3069 apud
853 2986 1043 3050 nonrotltetas
1058 2985 1265 3068 impugnarent
1278 2997 1463 3072 veteremque
1477 2993 1570 3073 legem

404 3105 574 3170 tuerentur,
600 3091 779 3158 wareniens
803 3097 880 3165 erat,
903 3097 949 3164 ut,
974 3089 1000 3152 si
1026 3088 1095 3171 quis
1119 3088 1233 3170 privato
1254 3091 1379 3156 oonsilio
1399 3093 1571 3176 inipopmm

402 3217 514 3263 noram
528 3199 622 3280 legem
637 3197 733 3268 vellet,
748 3202 916 3275 expectaret
929 3193 956 3255 is
972 3193 1212 3256 nmrrodtetarum
1227 3191 1382 3272 iudicium,
1396 3205 1484 3278 alque
1500 3207 1571 3261 tunc

403 3303 540 3378 demmin,
559 3301 586 3364 si
605 3299 796 3362 noumdretae
813 3297 906 3377 legero
923 3295 1094 3370 scivissent,
1114 3294 1320 3377 lippourosiam
1335 3318 1421 3362 suom
1436 3299 1569 3384 interpo-

347 3413 381 3467 ιι
404 3415 488 3470 neret
501 3423 597 3485 eatque
611 3404 747 3474 ellieeret,
765 3411 799 3464 ιιι
812 3401 858 3463 lex
873 3399 929 3476 illa,
945 3400 1081 3481 ‹paarrrris
1096 3401 1307 3466 anorrtotlretis
1321 3393 1450 3487 accepta,
1465 3404 1571 3469 iterum
1620 3451 1622 3458 ,

402 3509 482 3592 apud
498 3507 620 3582 iudices,
634 3505 686 3588 qui
700 3506 738 3568 de
752 3496 957 3588 παρανόμων
970 3501 1086 3566 εοιίοιιο
1100 3501 1272 3578 iudicarent,
1287 3504 1319 3567 in
1329 3505 1571 3589 disceptationem

405 3622 567 3675 necaretur.
587 3645 631 3657 -
649 3607 709 3672 Sed
723 3607 880 3671 audiamus
895 3624 988 3687 parm
1003 3603 1136 3668 llaltinrrr.
1170 3607 1303 3682 „Vemm
1318 3616 1452 3684 tamen“‚
1468 3610 1571 3692 inquit,

407 3733 492 3788 „non
520 3724 592 3796 puto
621 3713 652 3776 in
677 3730 755 3775 nora
780 3710 843 3790 lege
867 3709 924 3771 lata
948 3699 1149 3788 ὑπωμοσίαν
1167 3707 1258 3770 ullam
1276 3707 1369 3772 luisse
1387 3721 1571 3792 usurpatam,

406 3817 587 3898 lilserunnpre
613 3824 728 3878 tantum
753 3808 802 3897 spi
823 3805 1015 3896 βουλομένῳ
1034 3809 1126 3872 luisse
1144 3811 1267 3874 latorem
1287 3829 1318 3874 m
1338 3811 1384 3876 ius
1402 3831 1507 3876 vocare
1525 3814 1572 3878 illa

407 3919 523 4000 publica
537 3919 681 3981 actione.“
706 3916 819 3998 Nempe
833 3911 943 4002 paupe}
960 3907 1171 3999 παρανόμων.
1204 3914 1291 3995 Atqui
1305 3905 1487 3996 ὑπωμοσία
1500 3916 1572 3980 nilril

407 4021 485 4084 aliud
510 4030 572 4083 erat
595 4019 653 4082 nisi
674 4018 807 4102 publicae
828 4016 904 4080 illius
923 4015 1048 4080 aelionis
1067 4014 1249 4080 denuntiatio
1269 4035 1337 4080 curu
1357 4015 1420 4080 iure
1438 4015 1573 4094 iurando,

407 4125 614 4205 qoanrelrrem,
634 4123 660 4185 si
679 4121 799 4186 utrilibet
817 4121 849 4184 in
868 4120 915 4185 ius
929 4139 1035 4184 vocare
1053 4121 1176 4184 latorem
1195 4119 1378 4202 novaelegis
1396 4119 1491 4197 licuit,
1511 4139 1573 4184 uon

409 4225 603 4288 dultitandurn
628 4233 691 4300 cst,
718 4225 790 4307 quin
815 4223 903 4288 etiarn
929 4223 1102 4288 denuntiare
1127 4223 1274 4318 actionem
1292 4244 1346 4308 per
1366 4223 1572 4308 lrypomosiam

409 4323 528 4392 cuilibet
540 4327 662 4391 licuerit
675 4363 719 4376 -
734 4329 860 4394 Summa
876 4327 1003 4412 denique
1020 4327 1184 4392 sententiae
1202 4327 1285 4394 llaltii
1304 4329 1376 4393 haec
1393 4334 1454 4404 cst,
1473 4347 1504 4412 p.
1520 4329 1571 4404 45,

409 4438 444 4493 ut
465 4447 552 4504 „rem
575 4448 629 4512 per
650 4433 890 4510 nomothetarum
913 4433 1092 4496 sententiam
1115 4443 1230 4497 certum
1250 4439 1388 4495 creatum
1408 4429 1572 4494 uddone

409 4540 526 4607 emutat,
539 4551 594 4594 nec
606 4531 725 4595 licuisse
734 4535 861 4616 arotplios
869 4555 924 4618 per
933 4535 1142 4619 lrppomosiam
1154 4534 1323 4599 rescindere
1331 4533 1572 4598 nomotlretarum

410 4634 574 4707 dmum·
588 4633 646 4706 ld·
660 4643 694 4696 ul
706 4632 770 4714 ἰιιιιι
784 4655 887 4716 graece
899 4637 982 4720 toqui
996 4637 1112 4712 maluit,
1127 4628 1302 4724 ἀφανίζειν
1314 4631 1374 4700 καὶ
1387 4627 1574 4722 ἐξαλείφειν

409 4729 470 4820 τήν
482 4725 696 4815 νομοθεσίαν.
723 4733 799 4810 Quid
814 4737 946 4801 dicemus
961 4738 1048 4820 igitrtr
1061 4737 1098 4800 de
1112 4757 1201 4802 causa
1216 4735 1416 4803 Timocratis?
1437 4738 1466 4802 ls
1481 4737 1571 4814 euim,

410 4835 522 4916 perlata
539 4835 604 4916 lcpe
621 4854 676 4900 ιιιε
693 4835 774 4917 apud
790 4839 991 4915 nomothetas,
1011 4850 1110 4904 umen
1128 4835 1334 4924 παρανόμων
1351 4849 1507 4906 accusatus
1526 4849 1573 4904 est
