3792 5609
297 923 707 1027 antonomasiam:
728 941 970 1007 normannum
986 959 1188 1006 naumann
1203 941 1311 1022 tugit,
1330 939 1466 1024 quippe

297 1045 357 1128 nui
373 1045 451 1128 ipsa
470 1061 614 1128 quoquo
632 1043 667 1107 in
685 1045 822 1110 littoris
844 1048 886 1111 ad
907 1066 961 1110 mo
979 1047 1076 1109 «latis
1089 1064 1161 1110 rom
1180 1065 1245 1110 acu
1265 1044 1465 1127 tetigerit.“

300 1151 409 1212 l'rrmrr
424 1159 522 1214 nornen
537 1149 675 1232 mpoidom
692 1169 729 1212 nc
744 1151 830 1214 istam
846 1169 932 1216 actim
947 1151 1054 1232 duplos
1069 1169 1155 1214 orror
1168 1173 1186 1214 a
1199 1171 1267 1213 rora
1280 1151 1325 1214 ria
1336 1151 1464 1212 obusse-

298 1253 349 1316 rit:
365 1253 437 1316 lalsa
452 1255 489 1314 dc
504 1253 623 1317 narium
633 1255 712 1334 apud
723 1254 917 1318 btlrouionsos
931 1252 1106 1318 uuaninibos
1115 1252 1227 1336 opinio,
1242 1252 1462 1335 talsarguorrrbi

297 1349 503 1438 ἐπεβάτευον
528 1356 741 1438 intorprotatio.
780 1357 937 1421 l'irloarnus
964 1356 1054 1434 igitur
1073 1357 1202 1438 priruour
1222 1357 1260 1418 do
1278 1357 1461 1419 nominibus.

298 1461 394 1541 bonor
414 1459 443 1522 id
462 1459 581 1542 spatiolum
602 1459 712 1522 noratini
733 1460 865 1542 ignotum
885 1469 945 1534 ost,
966 1458 1092 1522 rioribus
1110 1459 1189 1540 apud
1204 1459 1335 1522 Craoros
1352 1468 1382 1520 et
1399 1459 1460 1521 llo-

298 1583 404 1626 nrauos
425 1563 557 1646 aliosqoo
575 1563 704 1646 poptdos
719 1573 834 1626 orturus
853 1563 965 1646 paritor
984 1571 1073 1644 atquo
1092 1563 1172 1646 agrod
1192 1565 1370 1626 nscutimos
1384 1573 1459 1625 corta

298 1667 442 1750 egitaniam
463 1665 583 1731 nonriua
603 1667 716 1748 imponi
736 1667 836 1742 solita,
856 1666 965 1748 quibos
985 1665 1125 1748 spinossi
1140 1675 1171 1728 rt
1185 1666 1261 1730 iuter
1275 1687 1309 1728 so.
1323 1665 1459 1746 distingui

300 1783 440 1856 proruant,
460 1771 591 1855 disrbpro
610 1770 639 1834 id
659 1791 719 1834 nom
736 1792 752 1834 a
768 1771 918 1834 Solmllbru
938 1771 1037 1834 stolum
1057 1771 1167 1852 proluit,
1186 1771 1236 1852 agui
1255 1770 1381 1834 broritor
1395 1781 1459 1833 tau·

298 1877 455 1941 wnrrttodo
471 1875 564 1938 moris
580 1875 760 1938 rosontinnoro
776 1874 859 1946 sarit,
880 1874 931 1938 sd
946 1875 1097 1956 aliqnaoto
1112 1874 1229 1956 plo-rrius
1243 1895 1260 1938 a
1275 1874 1460 1946 ltulankrnio,

299 1983 349 2064 rpri
369 1981 399 2044 in
414 1979 572 2044 notissima
587 1979 624 2042 do
639 1978 738 2041 tontis
753 1986 783 2040 ot
797 1977 965 2060 insignibus
981 1978 1100 2040 uarium
1116 1979 1324 2041 dissertatione
1338 1989 1369 2042 rt
1381 1980 1461 2041 testi·

300 2082 400 2146 monia
412 2091 541 2145 sotorum
558 2081 735 2164 scriptorum
752 2081 892 2163 plruaqoo
906 2080 1007 2142 orrrnia
1022 2079 1191 2160 adscripsit,
1205 2081 1378 2162 moxorupla
1387 2101 1462 2160 ‹pou-

300 2205 358 2268 qoo
377 2185 433 2258 rei,
453 2194 599 2266 quotquot
618 2185 747 2265 ruptarios
767 2183 878 2266 potuit,
897 2203 914 2244 c
933 2181 1017 2245 libris
1035 2191 1065 2244 ct
1083 2183 1328 2264 inscriptionibus
1347 2185 1463 2245 corneus

301 2289 425 2370 suisque
439 2287 595 2368 gonoribus
612 2285 757 2366 disposita
773 2285 877 2348 attulit.
905 2285 1024 2348 b'ullom
1040 2295 1139 2348 horon
1155 2286 1185 2348 iu
1201 2285 1249 2348 lois
1263 2285 1404 2366 exourplis
1418 2285 1462 2346 in·

301 2391 426 2460 sortitur,
447 2390 527 2470 quod
549 2391 644 2452 lacurn
664 2388 772 2470 aliquid
792 2387 890 2470 possit
908 2387 945 2450 ad
962 2387 1050 2452 istam
1065 2390 1103 2451 dt·
1117 2387 1265 2450 Clistlaonc
1280 2407 1353 2450 naso
1366 2387 1464 2448 ronia-

301 2503 417 2557 rtoram
438 2493 632 2574 protundam.
677 2493 754 2555 Sunt
773 2491 852 2555 onim
873 2491 973 2554 orrrnia
993 2500 1044 2554 aut
1062 2491 1188 2553 osorum
1207 2489 1391 2571 bororrrmpro
1407 2507 1462 2552 nos-
1481 2502 1501 2554 ³

301 2597 392 2668 mina,
408 2596 485 2658 volart
499 2595 752 2676 Aesculapius,
768 2594 909 2676 Apollo,
924 2597 1047 2666 Coros,
1062 2594 1211 2675 Cupido,
1225 2593 1347 2668 Diana,
1361 2594 1464 2656 ltins-

301 2699 394 2774 ruri,
421 2697 603 2772 llrrculos,
628 2697 713 2772 lsis,
739 2697 911 2779 lnppitor,
936 2697 1044 2760 bilior
1063 2707 1179 2780 palor,
1199 2697 1306 2771 blara,
1326 2698 1463 2760 llorcu·

301 2803 394 2876 rios,
422 2801 591 2874 llinorsa,
621 2800 824 2880 baratonus,
851 2799 990 2876 boreis,
1015 2800 1102 2882 Ops,
1131 2803 1301 2874 Perseus,
1326 2801 1464 2872 Triton,

302 2903 438 2980 Vanus,
454 2905 572 2974 l‘osta,
597 2911 649 2966 arrt
667 2902 808 2964 uirtutum
828 2901 1041 2984 bonorumque
1059 2912 1233 2976 orontuum,
1253 2913 1288 2966 ot
1305 2905 1464 2966 Clemen-

304 3007 368 3080 tia,
384 3005 600 3078 Concordia,
619 2993 814 3080 Elotana,
834 3003 955 3078 Fidus,
975 3005 1149 3082 Fortuna,
1167 2999 1387 3090 Θεραπεία,
1408 3007 1464 3069 tu·

303 3119 447 3184 ocutus,
476 3109 637 3187 lustitia,
664 3108 747 3186 Pas,
776 3107 914 3184 Pictas,
944 3107 1192 3182 Prouidentia,
1217 3110 1337 3181 Salus,
1361 3110 1465 3190 Spes,

305 3213 479 3288 Victoria,
495 3214 633 3290 Virtus,
653 3221 705 3276 aot
719 3233 735 3274 a
751 3210 872 3293 rogibus
891 3219 980 3294 atquo
994 3211 1225 3294 imperatoribus
1241 3211 1346 3284 indita,
1366 3210 1465 3274 dnti-

304 3318 425 3398 gunir,
450 3319 649 3398 Augustus,
675 3315 841 3390 linricus,
867 3315 1083 3388 llorrrotrias,
1106 3315 1238 3386 Elissa,
1258 3313 1464 3387 Ptolomais,

305 3430 356 3484 atat
369 3441 386 3483 a
401 3420 583 3500 regionibus,
598 3421 761 3490 natantibus,
777 3417 881 3491 dusiis,
896 3416 1012 3492 insulis,
1026 3419 1152 3492 torna,
1166 3419 1325 3498 Anapus,
1339 3417 1466 3499 Cyane,

304 3523 518 3606 Eopbratos,
539 3523 698 3603 Europa,
713 3521 834 3602 Libya,
848 3519 1019 3593 ltincius,
1035 3520 1168 3592 Padus,
1182 3519 1392 3592 Salaminia,
1407 3521 1465 3583 Si·

303 3627 389 3702 olon,
404 3625 615 3706 Syracosia,
630 3622 787 3696 Tiberis,
803 3632 854 3685 aut
866 3624 902 3685 ab
914 3624 1092 3686 animalibus
1105 3623 1174 3686 rarii
1186 3622 1312 3702 goonis,
1326 3624 1467 3705 riquila,

303 3729 422 3804 brios,
452 3727 574 3802 Canis,
605 3726 865 3806 Capricornus,
896 3719 1074 3811 Κάπρος,
1104 3728 1320 3801 Coutaurus,
1343 3729 1465 3798 Cotus,

303 3831 503 3906 Cbimaora,
522 3830 676 3910 Cpouus,
698 3828 861 3910 llclpbis,
880 3829 1017 3909 Equos,
1033 3830 1168 3904 Callus,
1182 3831 1312 3912 Grypo,
1333 3831 1466 3914 ttippa·

305 3936 483 4015 loctrpon,
508 3933 592 4004 boo,
617 3931 791 4013 Pegasus,
819 3931 967 4006 Pristis,
993 3932 1147 4014 Python,
1173 3933 1294 4008 Siren,
1318 3935 1466 4007 Taurus,

304 4036 439 4118 Tigris,
454 4054 547 4118 pauca
561 4034 688 4116 «lenique
702 4035 740 4098 ab
753 4036 859 4108 arnus,
874 4037 935 4118 Cly
942 4055 1044 4118 prcus,
1060 4036 1177 4099 Calua.
1209 4036 1358 4101 Nonnulla
1371 4057 1408 4101 os
1421 4037 1468 4101 bis

304 4139 446 4222 exemplis
466 4147 518 4202 aut
536 4137 645 4201 iucorta
663 4157 730 4200 osso
749 4146 801 4202 aot
820 4139 977 4202 mauitosto
996 4138 1203 4202 commenticia
1218 4140 1292 4204 nihil
1306 4159 1388 4206 nuuc
1402 4140 1469 4204 tacit

305 4245 342 4308 ad
358 4261 436 4308 reru:
451 4263 469 4307 a
484 4242 623 4324 preisuuis
637 4241 756 4323 quidem
773 4242 929 4325 desumpta
945 4240 1068 4304 rioruina
1083 4251 1160 4306 ocrta
1174 4255 1246 4307 sont
1260 4244 1379 4318 omnia,
1394 4263 1469 4326 quac

305 4348 355 4430 noi
375 4347 520 4420 attondat,
540 4355 657 4429 praotm
675 4343 772 4408 «lisina
791 4344 904 4409 nullom
924 4345 1012 4428 piano
1030 4345 1061 4408 in
1076 4345 1113 4409 iis
1128 4345 1210 4410 ririlo
1224 4365 1336 4412 nomen
1350 4348 1470 4422 ridebit,

306 4451 364 4516 nisi
379 4453 591 4534 imporatorum
606 4449 811 4514 llomanorom
827 4449 1004 4530 cognomina
1019 4449 1218 4530 Augustus,
1232 4452 1401 4516 Dacicus:
1420 4473 1469 4515 oo·

306 4563 366 4619 tora
385 4553 415 4618 in
437 4553 607 4618 terrrioinam
628 4554 755 4618 turmam
773 4553 900 4628 debora,
919 4561 953 4616 ut
972 4553 1010 4617 ab
1028 4553 1211 4635 Antigono
1226 4556 1434 4638 Antigonis,
1451 4576 1468 4618 a

305 4657 486 4722 nemenio
506 4657 714 4732 llomotrias,
735 4679 753 4722 a
771 4657 976 4722 Ptolomaeo
990 4657 1192 4724 Ptolomais
1206 4660 1336 4726 dimtor:
1354 4670 1385 4724 et
1398 4661 1472 4725 baso

305 4761 370 4826 sota
389 4781 492 4844 grassa
512 4771 597 4838 suot,
615 4761 661 4826 itta
679 4779 818 4826 romana:
837 4781 913 4844 «guar
932 4761 1103 4828 obscuratio
1122 4765 1202 4848 apud
1217 4765 1380 4850 prudmtes
1394 4765 1472 4829 tuoe
