3792 5609
767 738 824 803 141

214 920 334 985 damum
355 922 501 1003 quamdam
521 924 645 1008 Spartae
663 938 800 1011 questum
819 948 887 992 aare
906 928 995 990 refert
1007 916 1147 1012 χρήματ’
1163 914 1259 1011 o’aqp·
1280 944 1377 989 aava·

211 1018 291 1107 χρός
306 1014 338 1086 δ’
350 1014 463 1103 oideic
476 1020 590 1092 πέλετ’
603 1024 702 1107 ἐσλὸς
715 1020 793 1094 adet
807 1025 928 1113 τίμιος.
962 1030 1087 1094 Credere
1103 1028 1190 1111 igitur
1203 1028 1318 1091 ridetur
1332 1028 1377 1091 rir

213 1126 405 1191 doctissimus
419 1129 500 1193 buno
510 1132 730 1197 Aristodamum
745 1144 796 1197 aut
809 1134 907 1216 ipsum
920 1134 1100 1216 Spartanum
1115 1132 1219 1205 luisse,
1234 1142 1283 1195 aut
1298 1142 1376 1195 oerte

212 1230 359 1311 querelam
375 1231 490 1296 eiusad
506 1234 669 1317 Spartanos
683 1238 837 1319 pertinere,
859 1256 986 1319 quorum
1003 1237 1125 1300 alterum
1142 1234 1262 1299 refutari
1276 1244 1375 1317 poteat
1394 1244 1433 1297 at

211 1457 279 1501 «aaa
302 1447 433 1521 apparet.
467 1440 576 1517 Quidni
599 1444 678 1506 onim
698 1444 823 1525 argnto
846 1445 938 1508 bomo
963 1442 1041 1526 apud
1061 1444 1225 1525 Spartanos
1244 1444 1281 1505 do
1299 1441 1374 1513 aliia.

210 1564 236 1603 e.
252 1560 280 1605 o.
298 1540 336 1605 do
354 1543 547 1626 popularibus
567 1546 631 1612 ania
646 1548 744 1628 queri,
764 1548 859 1633 iisqne
874 1548 948 1613 adeo
964 1566 1116 1631 opponere.
1130 1546 1263 1611 diuersos
1278 1548 1372 1629 Spar·

212 1654 347 1709 matorum
374 1666 474 1711 ratores
499 1648 650 1731 potuerit?
683 1652 742 1715 Sed
767 1652 827 1716 laoo
851 1654 913 1717 lere
931 1662 978 1715 eat
996 1650 1163 1733 nulliusque
1182 1651 1217 1714 ad
1238 1660 1372 1715 bosnam

211 1749 413 1829 (quaestionem
428 1754 580 1837 momenti,
610 1754 649 1817 lit
663 1754 742 1818 enim
758 1756 922 1837 Spartanus
937 1754 1033 1831 luerit,
1048 1765 1139 1836 utque
1153 1754 1237 1836 ipsos
1249 1754 1371 1835 Sparta·

212 1869 268 1914 noa
298 1853 452 1917 taxaverit:
482 1874 543 1918 non
571 1841 683 1921 excludi
712 1858 862 1920 bonorum
887 1856 1121 1937 inaequalitatem
1147 1856 1372 1937 divitiarumque

210 1952 444 2018 aestimationem
463 1976 603 2038 aprorum
622 1958 826 2040 aequabilitate
845 1960 904 2021 iam
920 1978 1009 2040 aupra
1023 1958 1164 2031 diximus,
1184 1976 1280 2039 nequo
1296 1958 1374 2019 bano

210 2054 306 2135 ipsam
325 2058 561 2137 aequabilitatem
579 2060 758 2124 Ariatodami
775 2061 817 2123 rel
832 2060 925 2123 dloaei
939 2064 1095 2136 aoraton)
1118 2070 1260 2123 serratam
1281 2058 1373 2121 iuiaae

211 2156 428 2221 contendimua.

295 2258 459 2323 videndum
478 2280 559 2325 nuno
572 2262 609 2325 do
623 2264 712 2327 altero
727 2272 967 2346 mpuoaentorum
982 2281 1103 2344 penore,
1123 2281 1199 2343 qnae
1218 2281 1235 2326 a
1255 2262 1371 2325 silentio

210 2360 390 2443 aeriptorum
409 2363 496 2426 dueta
515 2374 599 2437 aunt,
620 2364 701 2447 quod
717 2384 806 2429 omne
820 2384 914 2447 pertua
928 2382 1018 2446 quam
1032 2364 1177 2427 lubricum
1192 2373 1221 2426 et
1236 2364 1318 2425 lallax
1334 2362 1373 2425 ait

210 2463 323 2527 dudum
338 2484 355 2525 a
370 2466 681 2547 eireunmpeetioribua
696 2468 806 2532 criticis
821 2468 997 2531 intellectum
1013 2474 1068 2529 est
1098 2466 1373 2553 animadverterunt

209 2564 287 2628 enim
304 2566 412 2629 nnllam
432 2567 497 2630 eius
513 2568 572 2630 rim
591 2590 667 2643 eoae,
688 2568 744 2631 taiai
764 2570 795 2631 in
809 2568 956 2632 dusumdi
971 2568 1072 2637 rebus.
1092 2586 1167 2649 quaa
1183 2566 1371 2629 attonita-atum

210 2668 357 2749 sitneque
372 2666 499 2747 ignorari
518 2690 535 2731 a
555 2672 699 2752 aoriptoro
713 2670 861 2751 potuisse,
882 2687 980 2750 neque
1001 2686 1062 2731 narn
1077 2667 1304 2731 commemorari
1318 2668 1387 2733 de·.

209 2766 309 2830 bniaao
326 2778 450 2850 propter·
469 2770 569 2852 operia
589 2772 746 2833 ronadinm
765 2790 800 2835 ao
818 2771 978 2833 rationem:
997 2770 1026 2831 id
1050 2768 1131 2849 qnod
1151 2788 1168 2831 a
1187 2768 1290 2830 Grotio
1309 2786 1370 2831 nou

208 2868 444 2933 animadversum
460 2890 527 2934 eaao
541 2872 693 2935 miramur.
723 2872 934 2935 Producuntur
948 2872 985 2934 ab
1001 2890 1036 2933 eo
1052 2880 1165 2952 septem
1180 2880 1281 2942 testea,
1295 2888 1371 2951 quo·

208 2986 276 3032 rum
296 2988 345 3037 aea
364 2972 497 3047 adeptio,
514 2991 610 3037 unum
628 2984 726 3037 autem
745 2974 832 3037 etiam
850 2974 971 3038 disertis
986 2972 1084 3035 uerbis
1100 2972 1177 3035 dam
1193 2970 1371 3053 Lyeurqeam

208 3088 348 3151 aprorum
360 3074 535 3147 divisionem
546 3077 673 3139 refutare
684 3076 784 3150 eredit,
799 3076 975 3151 llellaniens,
987 3074 1166 3149 tremamus,
1177 3074 1374 3155 Tlrnepdidea,

210 3172 387 3257 Xenophon,
402 3176 496 3253 Plato,
510 3178 692 3254 Aristotelea,
707 3178 862 3243 leocrates.
892 3180 955 3242 lloa
970 3178 1058 3259 igitur
1071 3196 1129 3240 noa
1140 3195 1258 3259 quoque
1269 3176 1372 3255 siugu-

207 3274 287 3337 latim
307 3278 555 3354 eaaminabimns‚
574 3281 631 3343 alio
651 3290 765 3354 tamen.
789 3299 878 3363 quam
898 3300 959 3361 quo
980 3280 1116 3343 aGrotio
1136 3278 1272 3359 produoti
1292 3288 1371 3351 suat,

208 3377 321 3455 ordine,
341 3388 370 3441 et
388 3381 520 3467 pritanum
539 3383 657 3465 quidam
677 3382 871 3446 llerodotum.
901 3381 988 3463 Apud
1010 3383 1088 3444 lrnno
1108 3381 1168 3442 dno
1184 3389 1297 3441 tantum
1312 3379 1369 3461 lpei

208 3490 292 3554 sunt,
312 3500 389 3565 quos
414 3483 550 3565 Grotium
575 3484 605 3548 in
629 3494 727 3548 niente
744 3485 886 3547 babuisse
905 3482 1041 3545 credibile
1061 3481 1114 3554 sit,
1137 3480 1368 3543 unledam

206 3582 256 3645 lib.
263 3582 298 3644 l‘l
313 3604 338 3647 o.
352 3586 393 3654 52
408 3606 486 3668 sqq..
508 3576 620 3650 llorum
635 3586 725 3651 altero
737 3595 927 3655 ntentoralttr.
941 3584 1055 3667 qualonr
1069 3582 1368 3646 lacedaemoniorum

207 3695 318 3777 atatmn
337 3686 466 3770 Crooaua
484 3688 667 3779 cognoverit,
692 3707 785 3769 quum
804 3686 911 3750 auxdia
932 3687 1111 3749 Graecorum
1136 3695 1240 3747 eontra
1262 3684 1369 3748 Peraea

207 3776 457 3871 cirotmqrioeret:
482 3809 589 3873 nempe
612 3789 736 3853 tietoroa
759 3810 813 3851 eos
831 3789 960 3853 eraaiaao
978 3788 1186 3867 Tegeatarum,
1208 3798 1368 3871 postquam

207 3882 512 3973 legea‚squibua'olior
527 3892 730 3981 mioup'bonis
744 3891 791 3955 usi
806 3900 920 3964 esseut,
939 3891 1091 3973 Lyeurgus
1106 3890 1136 3951 in
1152 3890 1256 3953 melina
1271 3902 1369 3954 tranu-

208 3993 296 4069 rorit,
327 3996 386 4061 Sed
401 3980 605 4077 omoiebuina
620 3994 791 4058 nautatiooia
806 3993 936 4057 narratio
951 3992 999 4057 bia
1014 3992 1117 4075 pauoia
1132 3993 1226 4057 remia
1241 3994 1370 4058 absolsi·

275 4218 317 4284 bil)
330 4215 402 4271 rtet
414 4216 498 4270 taum
509 4214 540 4280 ll,
555 4216 586 4267 li
601 4216 645 4282 llll
659 4214 718 4282 ibiq.
732 4214 830 4266 lliaaoa.
844 4212 908 4263 tat.
921 4210 1056 4263 lleraaaarr.
1068 4210 1172 4280 Italiqu.
1185 4210 1279 4265 taem.
1292 4229 1316 4281 p.
1326 4212 1369 4264 dd.

209 4300 329 4353 biebulei
349 4317 477 4368 emron,
497 4300 540 4369 qai
559 4300 647 4351 Aleaei
668 4300 733 4350 luae
748 4298 931 4350 Arlatadaaaan
951 4312 1008 4349 eaut
1029 4312 1090 4364 repe
1106 4297 1369 4361 lacedaemoniam,

208 4386 377 4457 Eurysthenis
388 4395 416 4441 et
426 4387 524 4440 Proelia
536 4392 607 4455 patra
625 4383 754 4436 contundit
769 4382 848 4448 llliat.
862 4382 932 4435 lton.
945 4390 1006 4435 tana.
1021 4381 1032 4435 1
1053 4400 1076 4451 p.
1086 4382 1136 4434 tna
1153 4391 1206 4436 aot.
1218 4384 1282 4437 tunt
1300 4382 1370 4437 edi
1447 4430 1449 4433 .

208 4474 317 4543 itemque
328 4471 412 4526 lectt
423 4474 483 4527 hiat
495 4472 589 4539 antiqu.
605 4471 616 4522 1
631 4487 654 4538 p.
665 4469 725 4536 125)
742 4484 791 4521 aaa
806 4476 949 4534 unm.
966 4468 1015 4522 aial
1030 4484 1087 4523 aun
1105 4470 1242 4538 repetitu
1257 4471 1369 4523 ridere·

206 4575 223 4611 a
234 4560 362 4613 lardaria
373 4559 399 4613 lo
411 4559 501 4613 trum
511 4558 572 4628 phil.
584 4555 703 4609 crambe.
714 4555 765 4608 ael.
777 4552 798 4607 ll
809 4571 833 4623 p.
843 4554 886 4608 39.

275 4645 318 4712 bl)
336 4646 473 4715 aequalem
485 4644 572 4699 aluei
583 4642 769 4695 Ariatadanuaa
780 4639 859 4693 laiaaa
870 4656 904 4693 ea
916 4658 948 4694 ea
960 4649 1043 4710 putat,
1059 4643 1126 4711 quod
1137 4642 1206 4696 inter
1217 4651 1314 4711 rapta·
1327 4654 1369 4693 aa·

208 4732 305 4802 pieataa
318 4739 464 4789 amnena
475 4738 526 4787 tat·
550 4728 588 4783 Gi.
601 4728 673 4796 lliess.
687 4727 717 4779 l..
727 4725 748 4793 l,
758 4726 801 4779 at.
