3792 5609
868 690 909 753 41

307 875 479 942 babendum
494 896 570 955 esee,
585 887 672 962 atque
686 879 719 944 Α.
735 880 872 964 Agerium
887 894 916 947 et
929 883 1018 949 Num.
1033 881 1199 964 decidium.
1214 879 1375 946 celebratae
1389 880 1470 965 apud

311 983 394 1046 lCtos
409 1002 563 1067 pererrans,
584 1003 671 1048 nemo
686 1004 748 1049 non
764 985 903 1070 intelligit.
942 989 995 1053 Est
1010 988 1090 1052 enirn
1104 988 1208 1051 Sertor
1222 987 1330 1051 lleeius
1345 1005 1470 1050 aseer·

310 1097 368 1150 tor
382 1107 514 1163 rerum,
535 1089 584 1170 qui
605 1108 653 1152 res
673 1089 711 1152 ab
731 1091 869 1156 hostibus
889 1094 1002 1174 repetit.
1050 1091 1197 1155 llcsium
1217 1092 1257 1154 ab
1276 1111 1313 1153 eo
1328 1092 1410 1173 quod
1424 1102 1471 1154 est

310 1209 367 1254 ree
387 1201 541 1255 vocarunt:
566 1193 747 1257 Sertorem
768 1215 856 1278 equam
877 1207 1099 1260 assertorem
1118 1196 1214 1258 diorre
1232 1195 1412 1269 maluerunt,
1431 1213 1471 1258 ue

310 1294 399 1358 nimis
419 1305 552 1378 apertum
573 1307 774 1363 commentum
795 1301 883 1374 foret,
907 1310 936 1365 et
957 1301 1097 1383 quoniam
1117 1317 1189 1379 gens
1207 1307 1271 1361 erat
1289 1298 1469 1370 Sertoria.

312 1399 393 1481 equod
413 1417 523 1463 nomon
543 1421 560 1462 a
581 1401 699 1464 sertore
719 1404 840 1467 ductum
861 1402 952 1468 rideri
972 1414 1095 1486 poterat.
1143 1401 1281 1465 Nonnulli
1300 1412 1399 1466 autem
1414 1422 1470 1486 pm

310 1503 477 1584 Aequiculis
500 1507 642 1587 Aequus
662 1505 825 1569 Faliscos
850 1507 1104 1589 arriqrielraut⁸⁸l‚
1128 1507 1242 1568 ratione
1261 1524 1324 1568 nou
1343 1505 1468 1570 diverse.
1489 1510 1525 1564 20

311 1607 369 1668 Sed
385 1604 496 1669 Romae
511 1607 568 1670 boc
582 1609 629 1670 ius
645 1629 661 1670 e
676 1608 772 1670 Numa
788 1618 937 1690 receptum
952 1610 979 1671 ei
994 1608 1145 1682 dicebant,
1159 1608 1209 1690 qui
1225 1628 1331 1671 omnes
1346 1610 1470 1672 omuino

311 1709 467 1789 religiones
487 1711 524 1772 ad
545 1711 624 1772 bunc
642 1721 792 1774 auctorem
812 1713 921 1774 reform
940 1712 1019 1775 soliti
1033 1719 1125 1774 erant.
1161 1711 1216 1773 atti
1231 1711 1376 1775 bellomm
1391 1711 1470 1776 iudi·

311 1811 471 1874 crudorum
487 1829 601 1874 morem
617 1833 632 1874 a
648 1811 787 1874 bellicoso
802 1813 903 1894 polius
918 1833 1006 1895 squaru
1023 1835 1039 1874 a
1055 1812 1176 1894 pariboo
1191 1832 1260 1892 rege
1270 1816 1402 1878 ordinari
1417 1817 1470 1878 de·

311 1913 412 1976 buison
426 1913 604 1986 indicantes,
619 1931 674 1992 pro
689 1913 785 1977 Numa
799 1915 957 1978 Hostilium
973 1923 1149 1996 posuerunt:
1170 1932 1277 1977 mrsus
1290 1916 1353 1988 alii.
1368 1917 1470 1979 llosti·

310 2015 383 2077 lium
399 2013 455 2077 sibi
471 2015 556 2095 plane
571 2023 666 2077 totum
682 2013 854 2080 bellicosum
870 2025 929 2080 eta
946 2015 1137 2096 religionibus
1153 2035 1288 2078 arrreum
1306 2018 1471 2082 informan-

311 2126 354 2178 tes
364 2123 377 2158 ⁸
386 2119 427 2193 ο),
442 2117 585 2198 aptiorem
600 2117 641 2180 mi
655 2116 919 2194 bucurnllarritun
935 2127 1123 2191 centenorum,
1138 2136 1237 2196 regem
1251 2118 1318 2180 belli
1332 2120 1473 2201 pacisque

310 2219 424 2281 artibus
439 2217 553 2300 egregie
568 2218 690 2282 mixtum
707 2227 736 2280 et
751 2228 960 2300 temperatum:
976 2219 1023 2282 alii
1035 2219 1161 2299 denique
1171 2219 1304 2281 diverses
1315 2221 1472 2302 opiniones

312 2321 349 2384 ita
369 2321 524 2386 conciliare
544 2322 640 2384 conati
657 2331 740 2397 sunt,
759 2331 791 2384 ut
806 2321 898 2384 fuisso
913 2321 1031 2402 quidem
1047 2321 1160 2384 llomac
1175 2321 1284 2385 fetiales
1303 2321 1472 2406 implius,

312 2427 365 2490 sod
381 2425 427 2489 ius
442 2445 546 2489 eorum
562 2425 727 2489 arcturatius
743 2425 925 2506 descriptum
941 2425 978 2488 ab
993 2425 1075 2488 rbrreo
1091 2425 1231 2488 uicos-nt

396 2529 491 2592 Etiam
512 2529 609 2592 Salios
629 2529 771 2592 llostilius
797 2527 961 2592 instituisse
980 2527 1100 2603 dieitur,
1118 2548 1171 2590 eos
1190 2527 1240 2609 qui
1260 2529 1297 2590 de
1317 2529 1404 2602 colle,
1423 2528 1474 2594 ubi

313 2632 474 2696 sacrarium
487 2633 643 2706 habebant,
655 2632 807 2696 Cobiuirel
818 2631 1033 2708 Quirinalosrel
1044 2631 1476 2712 leonensestocabanturw),

314 2735 460 2818 siquidem
472 2736 575 2800 collis
587 2735 758 2812 Quirinalis,
773 2754 833 2798 non
846 2754 965 2808 mous,
977 2735 1048 2798 olim
1059 2735 1157 2797 (lictus
1168 2743 1222 2808 est,
1233 2733 1370 2816 idemque
1380 2737 1476 2818 egoni

314 2855 424 2901 nomen
444 2839 556 2919 geselt⁰
569 2842 605 2912 ¹).
640 2838 760 2900 Seruius
776 2847 874 2901 tamen
891 2840 927 2902 ad
944 2842 1015 2902 den.
1031 2837 1103 2912 llll,
1114 2836 1188 2911 285,
1204 2837 1371 2912 Quirinales
1386 2840 1478 2904 besee

314 2945 415 3008 itidem
434 2952 468 3006 ut
486 2941 651 3016 Palatinos,
677 2943 757 3022 quod
778 2942 832 3006 luit
851 2943 975 3004 alterum
996 2941 1143 3005 Saliorum
1160 2938 1330 3020 collegium,
1351 2942 1478 3006 ab'uma

313 3047 465 3111 institutos
485 3045 602 3118 scribit,
627 3046 664 3108 ub
684 3045 810 3109 llostilio
830 3055 928 3110 autem
954 3044 1097 3110 Parorios
1117 3053 1147 3106 ct
1165 3044 1324 3119 Prdlorius,
1349 3065 1478 3128 quorum

314 3170 402 3215 nemo
419 3159 565 3230 praeterea
581 3147 761 3212 mentionem
778 3149 854 3224 lacit,
870 3159 902 3212 ut
916 3149 1054 3232 equidem
1068 3167 1200 3210 emerem
1213 3147 1337 3211 subesse
1349 3151 1478 3221 credant.

314 3274 348 3318 ex
363 3253 436 3318 Livii
449 3251 547 3315 uerbis
562 3251 637 3315 maie
652 3251 802 3315 intellectis
817 3261 915 3315 ortum
926 3255 991 3324 Η).
1021 3251 1097 3315 Nam
1112 3250 1139 3312 is
1153 3249 1263 3324 uem
1278 3250 1354 3314 bello
1366 3252 1479 3315 Sabino

315 3357 432 3422 'lullum
452 3357 483 3420 iu
503 3375 536 3418 rc
555 3355 668 3438 trepida
685 3355 842 3419 duodecim
858 3357 956 3420 Salios
971 3355 1088 3419 rosisse
1102 3362 1212 3424 namet,
1230 3355 1356 3433 leaeque
1371 3353 1476 3417 l’allori

315 3481 350 3524 ac
368 3459 482 3526 Pauori.
504 3493 546 3504 —
566 3459 701 3521 Ceterum
717 3459 871 3540 utriusque
886 3459 1035 3522 Saliorum
1055 3455 1166 3535 crobegii
1180 3473 1242 3517 non
1258 3455 1343 3535 plane
1357 3455 1477 3518 easdem

314 3561 510 3628 caerimoniae
526 3560 618 3623 luisse
632 3561 780 3642 suspicor.
795 3563 847 3624 sed
868 3559 1016 3624 Palatinos
1032 3557 1153 3629 Sabino,
1169 3555 1336 3632 Quirinales
1350 3557 1478 3621 Etrusco

315 3667 373 3729 ritu
388 3672 543 3745 operatos,
562 3680 687 3742 eamque
708 3680 827 3724 causam
844 3660 951 3731 luisse,
971 3678 1024 3722 cur
1038 3659 1147 3720 alteros
1166 3657 1297 3720 anone
1315 3659 1425 3720 alteros
1440 3659 1478 3721 ab

314 3767 440 3829 lloetilio
461 3763 613 3828 institutos
633 3762 764 3844 plerique
783 3761 970 3825 crediderint
1003 3760 1079 3823 llam
1099 3759 1179 3840 apud
1197 3758 1343 3823 Etruscos
1361 3779 1481 3843 quoque

327 3961 619 3974 —---————-

383 4097 425 4164 88)
445 4097 518 4150 Seru.
530 4099 562 4151 ed
573 4096 638 4151 Aee.
649 4093 704 4160 vu,
716 4091 776 4146 695.

384 4183 426 4246 89)
447 4185 505 4237 Τοῦ
522 4181 554 4238 di
566 4177 602 4250 el,
614 4183 697 4236 detor
709 4175 786 4234 πάνυ
796 4174 1006 4251 καταφρονήσει
1017 4179 1184 4251 sappus«.
1219 4179 1267 4233 bie
1279 4181 1351 4234 thee.
1364 4179 1398 4234 lr.
1410 4179 1484 4246 xxi,

315 4279 343 4323 et
354 4285 386 4322 ex
399 4286 430 4322 eo
443 4269 537 4323 Zener.
545 4270 610 4322 Anu.
620 4266 674 4331 Vll,
683 4267 700 4318 6
710 4283 733 4335 p.
743 4266 776 4318 2⁴
789 4261 865 4318 boue.
878 4291 913 4304 -
923 4263 1010 4329 „Nihil
1022 4273 1095 4320 retes
1105 4267 1189 4320 nicee
1200 4267 1306 4334 region,
1317 4281 1391 4334 qen
1401 4267 1484 4319 eserie

315 4355 408 4409 dedere
419 4355 553 4408 eunmr‘
588 4353 645 4407 biv.
660 4350 679 4416 l,
691 4351 732 4415 ³1,
744 4351 768 4403 6.

384 4441 427 4506 ed)
446 4440 553 4510 Dionys.
565 4437 596 4504 11,
609 4435 650 4490 ld.
686 4437 733 4490 llle
745 4436 816 4490 Ceu.
828 4436 859 4489 lr.
871 4433 943 4488 xxt.
956 4462 992 4475 -
1003 4435 1087 4491 Verre
1099 4437 1129 4490 l..
1141 4437 1173 4491 L.
1187 4437 1230 4503 Vl,
1245 4437 1277 4491 14
1289 4453 1313 4507 p.
1325 4435 1368 4489 le.

383 4527 426 4590 er)
444 4525 515 4579 Fert.
528 4524 599 4578 Paul.
612 4538 637 4592 p.
649 4521 691 4576 22.
726 4521 797 4576 Fert.
809 4522 898 4588 tuen
911 4536 936 4589 p.
949 4521 1010 4575 25⁴.
1045 4523 1083 4576 lte
1094 4523 1162 4577 ealle
1173 4521 1208 4577 el.
1218 4523 1325 4578 beker.
1337 4523 1400 4576 Aet.
1411 4521 1484 4575 λοι.

318 4609 620 4682 mmmm.

384 4697 428 4765 92)
446 4695 513 4751 iden
523 4695 646 4751 iudicarit
656 4693 808 4760 (inune.
818 4691 936 4748 buteo.
947 4693 999 4748 litt.
1013 4695 1027 4749 1
1040 4711 1066 4765 p.
1079 4693 1123 4748 bb.
