3792 5609
335 1044 343 1057 .
376 998 473 1064 bitem
491 999 740 1064 consultationem
760 1008 933 1084 poscerent,
959 1020 1012 1065 eos
1032 1002 1128 1075 solos,
1149 1000 1199 1083 qui
1220 1002 1344 1085 Spartae
1362 1002 1545 1078 babitabant,

376 1102 408 1164 b
425 1120 452 1163 e
468 1102 632 1183 Spartanos
652 1102 772 1184 proprie
791 1104 899 1174 dictos,
919 1104 1079 1167 convocari
1094 1122 1162 1167 mos
1183 1113 1256 1169 erat
1292 1106 1329 1169 lli
1344 1106 1399 1171 soli
1414 1106 1501 1170 etiam
1517 1116 1546 1171 et

377 1222 478 1267 creare
496 1204 688 1285 magistratus
708 1214 739 1269 et
756 1206 848 1269 creari
869 1206 927 1287 ipsi
945 1216 1096 1287 poterant,
1119 1216 1260 1289 erantque
1278 1208 1367 1289 igitur
1389 1210 1488 1289 quales
1508 1210 1546 1274 ab

376 1307 534 1370 Aristotele
556 1307 696 1371 dissuatur
720 1299 754 1371 oi
777 1302 813 1372 ἐν
831 1304 880 1393 rqi
900 1302 1137 1390 πολιτεύματι)
1161 1309 1201 1373 illi
1221 1310 1302 1373 alteri
1322 1311 1546 1391 magistratuum

377 1418 410 1471 et
423 1409 572 1471 mendene
585 1418 616 1472 et
630 1409 888 1473 administratione
901 1410 1027 1484 exclusi,
1048 1402 1112 1489 ἔξω
1126 1406 1186 1495 τῆς
1199 1403 1373 1487 πολιτείας
1391 1422 1476 1475 erant
1485 1420 1497 1459 ⁸
1507 1418 1547 1489 ⁰),

376 1510 610 1593 dicebanturque
624 1520 783 1593 propterea
797 1504 1004 1593 ὗπομείονες.

467 1614 595 1677 'lantum
615 1613 652 1676 de
665 1615 727 1678 bis:
747 1634 829 1678 nunc
842 1615 879 1679 ad
894 1614 1047 1678 llomoeos
1061 1614 1244 1679 redeundum
1259 1622 1314 1677 est.
1349 1614 1383 1677 ln
1398 1614 1446 1678 bis
1460 1616 1549 1696 igitur
1648 1598 1651 1605 ’

381 1732 439 1777 cur
452 1714 507 1778 soli
522 1716 661 1797 Spartani
675 1737 743 1779 esso
756 1717 910 1798 potuerint
923 1736 958 1779 ex
974 1716 1020 1788 iis,
1036 1735 1110 1798 quae
1126 1716 1216 1778 niodo
1229 1715 1306 1777 dicto
1322 1722 1402 1783 sunt,
1419 1726 1549 1795 apparet

379 1816 609 1900 observavitque
621 1820 709 1881 etiam
724 1820 901 1883 Muellerus*
912 1822 941 1895 1)
957 1818 987 1881 in
1003 1818 1049 1882 illa
1063 1820 1100 1882 de
1111 1818 1261 1882 llinadone
1276 1817 1355 1900 apud
1367 1816 1551 1897 Xenophon-

380 1928 443 1981 tem
458 1921 629 1984 narratione
638 1918 860 2005 Σπαρτιατῶν
870 1940 980 1985 nomen
995 1939 1056 1984 non
1067 1922 1184 1984 diverso
1196 1922 1233 1983 ab
1244 1922 1446 1983 llomoeomm
1458 1920 1550 2001 signi·

382 2024 473 2084 tit-atu
491 2022 602 2085 dictum
618 2024 718 2087 rideri.
751 2025 853 2107 Neque
872 2025 949 2088 ullos
971 2024 1135 2104 Spartanos
1150 2020 1270 2105 proprie
1285 2022 1380 2085 dictos
1396 2020 1489 2085 luisse
1503 2041 1551 2085 ar·

382 2122 493 2199 bitror,
511 2126 563 2207 qui
582 2145 645 2189 non
665 2126 753 2189 iidem
772 2127 860 2189 etiam
876 2126 1002 2188 liomoei
1016 2135 1131 2199 essent,
1150 2124 1279 2206 exceptis
1295 2124 1350 2187 illis
1364 2122 1482 2206 paucis,
1501 2126 1552 2207 qui

329 2242 363 2295 ta
385 2236 512 2310 propter
534 2227 696 2308 neglectam
715 2227 901 2309 disciplinam
925 2236 977 2291 aut
998 2238 1121 2311 propter
1138 2235 1296 2309 egestatem
1317 2227 1422 2289 remoti
1442 2236 1552 2295 essent.

384 2349 467 2411 quos
485 2331 512 2392 si
532 2330 600 2412 quis
620 2340 651 2394 et
665 2331 749 2412 ipsos
762 2322 967 2412 ὑπομείονας
979 2330 1075 2394 dictos
1091 2332 1197 2403 credat,
1217 2330 1353 2412 equidem
1367 2328 1490 2393 libenter
1504 2350 1553 2393 as·

385 2433 508 2497 sentiar.
542 2434 758 2515 quartanorum
774 2434 836 2497 sire
849 2434 1052 2498 llomoeorum
1068 2434 1227 2516 populum,
1248 2442 1281 2497 ut
1295 2432 1364 2505 disi,
1384 2432 1554 2499 Aristoteles

289 2561 295 2571 ·
385 2536 420 2601 in
438 2545 536 2599 mente
555 2536 653 2612 babet,
675 2556 767 2619 quum
788 2538 919 2618 ephoros
934 2529 972 2601 ἐκ
986 2532 1045 2600 τοῦ
1060 2530 1168 2623 δήμου
1183 2546 1298 2599 creatos
1314 2556 1381 2599 esse
1395 2548 1554 2601 memorat:

385 2658 459 2703 nam
479 2656 607 2721 prorsus
625 2639 794 2705 incredibile
815 2650 861 2704 est
879 2640 960 2703 buno
979 2640 1183 2721 magistratum
1198 2640 1236 2704 ab
1253 2640 1316 2703 aliis
1331 2640 1396 2721 capi
1412 2639 1554 2721 potuisse,

388 2760 482 2823 quam
501 2742 552 2823 qui
570 2741 726 2824 disciplina
741 2744 890 2825 Lycurgos
910 2742 1036 2805 instituti
1056 2744 1180 2823 eiusque
1196 2743 1386 2805 'observantes
1401 2752 1511 2815 essent,
1526 2743 1555 2805 id

386 2844 470 2926 quod
486 2843 516 2905 in
530 2835 736 2925 duoprimas
749 2864 811 2909 non
826 2845 913 2909 eadit
939 2846 1039 2921 Quum
1056 2854 1152 2909 autem
1167 2838 1375 2920 tetenstete
1385 2835 1558 2927 adpooodg

386 2956 530 3027 tanquam
554 2955 668 3028 partem
689 2948 838 3029 quandam
862 2946 999 3009 eximiam
1025 2947 1170 3029 areliqua
1190 2945 1376 3009 multitudine
1396 2947 1558 3031 distinguit,

387 3066 451 3112 non
471 3050 623 3111 llomoeos
643 3048 714 3120 illis,
734 3051 786 3132 qni
805 3042 1006 3130 inopsioaeg
1019 3058 1112 3123 mant,
1133 3049 1268 3132 opponit,
1288 3052 1340 3112 sed
1357 3050 1388 3112 in
1403 3050 1477 3132 ipsis
1493 3051 1555 3113 lio-

387 3150 485 3215 moeis
500 3152 575 3215 alios
589 3146 712 3227 estote
726 3144 901 3235 ndyoootg
913 3172 980 3215 esse
995 3150 1101 3225 innuit,
1122 3152 1195 3215 alios
1215 3162 1328 3223 autem,
1348 3150 1379 3215 in
1394 3172 1471 3232 quos
1486 3152 1560 3217 haec

389 3254 544 3336 appellatio
560 3272 621 3316 non
637 3255 800 3317 conveniat.
834 3255 937 3335 Neque
951 3254 1039 3335 igitur
1054 3252 1168 3317 ordinis
1188 3273 1222 3317 ac
1236 3254 1309 3317 iuris
1325 3254 1558 3335 interutrosque

390 3356 442 3419 sed
458 3355 610 3437 dignitatis
626 3366 740 3420 tantum
756 3368 844 3439 atque
858 3356 1082 3421 existimationis
1097 3357 1256 3421 discrimen
1271 3366 1325 3421 est
1360 3356 1435 3419 Nam
1451 3374 1557 3437 quam·

389 3460 436 3524 vis
450 3459 589 3544 Spartani
604 3460 714 3542 opibus
728 3469 758 3523 et
771 3458 924 3524 nobilitate
940 3460 1015 3523 inter
1028 3479 1061 3522 so
1075 3460 1208 3541 dispares
1224 3468 1338 3531 essent,
1359 3458 1407 3521 alii
1421 3458 1558 3523 ditissimi

391 3564 514 3647 suisque
537 3573 567 3626 et
589 3563 737 3627 maiorum
762 3582 889 3627 suorum
913 3562 1080 3626 honoribus
1103 3572 1132 3626 et
1154 3563 1245 3626 rebus
1265 3562 1356 3643 gestis
1376 3560 1558 3633 excellentes,

392 3666 440 3730 alii
457 3676 556 3730 autem
575 3666 720 3749 ignobiles
741 3677 829 3749 atque
845 3666 980 3741 obscuri,
1005 3666 1190 3730 facultatibus
1211 3662 1404 3746 permodicis,
1425 3664 1559 3728 nonnulli

395 3769 483 3833 etiam
505 3769 579 3831 adeo
598 3770 752 3846 tenuibus,
772 3780 807 3834 ut
823 3788 910 3851 aegre
923 3768 1118 3853 phiditiorum
1133 3767 1278 3849 impensis
1292 3767 1474 3839 sufficerent,
1496 3766 1560 3831 iure
1606 3820 1608 3825 .

395 3880 492 3935 tamen
513 3891 550 3933 ac
566 3872 680 3953 legibus
700 3891 805 3937 ornnes
825 3872 902 3937 inter
914 3892 947 3935 so
961 3890 1050 3955 pares
1064 3880 1162 3945 erant,
1181 3888 1279 3952 neque
1293 3869 1446 3953 cuiquam,
1462 3869 1560 3951 quise

397 3972 516 4056 dignum
536 3974 651 4039 bonnm
669 3976 881 4057 praestitisset,
900 3985 952 4040 aut
969 3994 1063 4059 opum
1083 3972 1331 4067 mediocritasttl
1351 3981 1402 4037 aut
1420 3971 1559 4035 natalium

398 4076 564 4141 obscuritas
583 4078 793 4156 obstabatttl,
818 4078 981 4165 quominus
1005 4077 1093 4143 etiam
1117 4079 1154 4142 ad
1181 4068 1319 4141 summos
1343 4078 1420 4163 inre
1444 4074 1562 4157 publica

465 4302 508 4366 46)
527 4302 595 4356 llaec
605 4304 733 4372 legantis,
751 4321 800 4359 soa
811 4306 913 4359 diversa
925 4304 958 4357 ab
969 4304 1061 4369 alters,
1077 4295 1118 4373 pt,
1129 4264 1258 4372 pardgsw
1267 4299 1479 4367 svic'noltsetes,
1497 4284 1562 4350 lind

400 4386 474 4439 dabis
485 4387 565 4439 unito
583 4390 662 4454 ugia
676 4390 709 4441 sd
720 4391 912 4455 ngismtnsn
923 4396 1000 4458 stqns
1013 4391 1134 4442 bonomrn
1145 4386 1240 4439 aditam
1253 4384 1424 4453 praeciosum,
1441 4398 1515 4452 quam
1529 4384 1562 4434 ad

401 4472 796 4624 saliga-mpertlserossqtitetss
807 4474 961 4543 littnmso,
973 4476 1014 4528 tie
1025 4472 1120 4541 grleel.
1132 4468 1286 4525 Smsuvsri.
1299 4485 1323 4539 p.
1332 4468 1390 4539 ott,
1401 4469 1444 4522 92
1531 4491 1535 4500 ·

568 4572 590 4610 r.
602 4566 663 4611 ton.
714 4558 791 4627 pit.

429 4637 432 4644 ’
467 4642 511 4707 48)
528 4641 646 4711 Xenopls.
657 4657 679 4695 r.
691 4659 716 4712 p.
728 4642 759 4697 b.
775 4659 798 4696 e.
810 4644 885 4711 lt),'i.
1507 4675 1510 4681 ·

468 4727 841 4799 reseruassemus
859 4731 926 4784 cti
937 4738 1062 4799 tesutm,
1087 4730 1164 4785 etiem
1182 4727 1371 4783 llersslidsrmn
1383 4730 1497 4793 geom,
1515 4740 1563 4795 gna

404 4814 471 4869 alh
486 4812 643 4869 mamus
659 4813 771 4869 aettttm
790 4814 849 4882 tata,
872 4823 956 4872 tanes
982 4818 1045 4873 silit
1069 4817 1197 4888 praecipui
1219 4810 1494 4883 tmtsposeqeotttot
1512 4810 1564 4864 alie
