3792 5609
946 803 987 870 58

862 893 1066 906 ---—--.-—

379 993 456 1056 orbe
475 999 603 1056 aetatum
625 1009 686 1054 non
702 991 826 1054 multum
842 991 959 1056 diuersa
973 1015 1027 1058 eos
1042 997 1079 1060 ab
1093 998 1226 1065 llesiodo
1241 1003 1385 1067 cecinisse
1399 1003 1547 1088 comperi·

380 1097 522 1170 musti).
567 1093 706 1176 Sibyllam
728 1113 795 1158 sero
815 1096 936 1160 Servius
957 1106 1144 1179 testatur¹⁰l
1165 1123 1227 1168 non
1247 1108 1338 1169 modo
1357 1109 1474 1173 saecula
1494 1126 1549 1190 per

380 1199 497 1262 metalla
513 1197 666 1273 divisisse,
687 1199 741 1261 sed
762 1199 943 1281 praedixisse
964 1202 1053 1266 etiam
1074 1205 1165 1268 linitis
1181 1208 1321 1272 omnibus
1336 1213 1460 1276 saeculis
1477 1209 1547 1282 lore.

381 1311 415 1373 ut
430 1320 534 1365 mrsus
549 1302 654 1364 eadem
671 1313 890 1378 renovarentur,
905 1323 938 1366 ex
955 1308 1122 1390 eodemque.
1137 1309 1282 1375 discimus
1296 1333 1362 1376 eam
1374 1315 1461 1378 etiam
1473 1317 1548 1378 deos

380 1407 529 1488 quisdam
547 1406 732 1488 singulumm
753 1408 939 1472 saeeulorum
960 1411 1113 1491 promittes
1132 1414 1252 1486 lenisse.
1271 1428 1301 1478 et
1320 1418 1412 1481 ultimi
1427 1419 1548 1500 quidem

382 1510 526 1591 temporis
546 1510 663 1584 Solem,
682 1530 770 1592 «ruem
790 1512 916 1576 eundem
937 1533 1004 1576 esse
1024 1515 1198 1596 Apollinem.
1243 1519 1322 1582 liaeo
1340 1519 1429 1601 igitur
1448 1521 1548 1584 omnia

382 1613 526 1694 Vergilium
551 1613 580 1676 in
602 1633 690 1678 suum
710 1634 830 1679 enrrrren
851 1615 968 1679 aseivit:
991 1635 1061 1680 uam
1083 1628 1113 1681 et
1132 1639 1250 1684 auream
1271 1632 1395 1686 aetatem
1415 1625 1550 1686 nominat

382 1725 421 1796 (r.
438 1717 471 1796 9)
488 1727 521 1780 ut
536 1717 670 1800 proxime
686 1719 895 1790 immolestum
912 1721 1138 1798 terreamus)
1154 1732 1187 1786 ut
1202 1725 1336 1789 noudum
1352 1727 1438 1808 plane
1450 1737 1548 1790 uano·

325 1823 362 1876 1³
385 1832 490 1888 artam
511 1822 565 1883 sed
587 1841 709 1902 nuriano
730 1832 827 1886 tamen
848 1825 902 1886 liar
921 1825 1023 1887 ultima
1043 1834 1137 1888 aetate
1156 1826 1213 1890 iam
1234 1828 1397 1909 Apollinem
1420 1830 1469 1905 ait,
1488 1840 1550 1894 tra·

383 1926 541 1989 ductumm
568 1925 681 1988 seilicet
698 1945 763 1988 eam
783 1929 820 1990 ad
840 1937 949 1990 statum
977 1927 1128 1990 ureliorem
1147 1949 1333 2012 regnumque
1354 1931 1549 2004 Serpentem.

384 2029 465 2105 Quae
481 2047 573 2111 porro
590 2029 741 2110 subiungit
756 2031 793 2093 de
809 2033 905 2094 lutura
922 2030 991 2094 nori
1007 2031 1114 2094 saeuuli
1131 2032 1278 2106 lelieitate‚
1297 2033 1370 2097 lraoc
1385 2053 1466 2098 nuno
1480 2054 1549 2117 per-

386 2133 469 2214 sequi
485 2143 515 2194 et
529 2135 609 2196 rende
623 2135 728 2196 liaustu
744 2134 803 2197 sint
820 2135 1010 2198 demonstare
1026 2135 1096 2199 nilril
1112 2136 1224 2199 attinet

360 2295 362 2300 .
470 2237 731 2313 Quemadmodum
753 2245 851 2300 autem
869 2239 1010 2320 l'ergilius
1026 2239 1103 2302 hanc
1118 2241 1304 2304 sasnulomm
1319 2239 1549 2323 descriptionem

385 2341 421 2403 ad
437 2339 618 2403 Graeenruru
634 2340 791 2423 ‹epimones
807 2342 986 2423 rsrrrrposuit,
1000 2342 1043 2404 sio
1058 2343 1170 2423 aliquot
1185 2353 1254 2424 post
1268 2343 1356 2406 annis
1371 2343 1550 2407 Octauianus

385 2445 470 2506 etiam
487 2445 644 2524 religiones
660 2446 839 2508 Graecorum
856 2445 1055 2509 sne-eulnrilms
1067 2445 1161 2508 snrris
1172 2445 1338 2510 astruisruit
1366 2446 1440 2509 liam
1457 2465 1549 2529 quum
1611 2505 1614 2509 ,

387 2559 452 2612 ante
473 2568 542 2612 eum
563 2550 635 2612 liam
652 2566 736 2611 sarra
756 2547 920 2612 iulerorutu
941 2559 1055 2612 tautum
1072 2550 1195 2612 «letemini
1211 2549 1286 2613 llitis
1301 2560 1331 2613 et
1346 2550 1551 2632 Proserpinae,

387 2653 447 2716 sive
461 2652 569 2717 latino
581 2653 723 2716 roealnrlo
735 2652 867 2726 litterae,
881 2652 1016 2729 luissent,
1028 2671 1155 2735 aptromru
1168 2652 1324 2716 nunrirrum
1337 2654 1550 2735 plnoarrdornm

386 2757 580 2821 coerimonias
596 2755 721 2820 llnmani
741 2777 758 2820 a
774 2756 892 2820 Salduis
907 2765 1093 2840 arriperent,
1113 2756 1290 2820 Ortariauus
1311 2778 1372 2821 non
1389 2759 1480 2820 urodo
1495 2779 1550 2840 pa·

387 2881 449 2924 reru
463 2881 531 2924 euru
548 2861 610 2933 liis,
630 2862 682 2924 sed
704 2859 887 2942 strperioreru
902 2861 991 2924 etiam
1007 2861 1104 2924 loetuu
1119 2859 1245 2942 Apollini
1261 2859 1354 2935 dedit,
1369 2861 1549 2924 Graecorum

387 2967 442 3027 deo
462 2965 568 3048 priscis
584 2965 727 3028 lterumnis
751 2964 867 3044 ignoto,
888 2964 973 3028 euius
989 2963 1091 3046 religio
1106 2973 1212 3046 quarto
1227 2965 1348 3027 demum
1363 2973 1433 3047 post
1447 2965 1551 3028 urlrem

387 3070 535 3133 conditam
556 3067 674 3132 saeculo
695 3078 811 3150 recepta
832 3089 899 3131 esse
919 3069 1057 3132 ridetur²
1069 3070 1107 3146 Ι).
1151 3067 1223 3130 lllud
1243 3086 1364 3149 speroque
1383 3068 1455 3131 satis
1477 3088 1552 3131 oon·

388 3183 458 3249 stat,
477 3171 678 3237 saeeularilrus
693 3171 786 3234 saeris
803 3181 870 3234 ante
885 3171 1079 3236 Octavianum
1096 3171 1207 3234 inleros
1223 3174 1296 3234 deos
1312 3171 1419 3252 placari
1434 3171 1553 3246 solilos;

389 3278 439 3339 sed
456 3277 595 3340 Sabinam
618 3295 771 3338 sacrorum
793 3275 938 3356 originem
954 3296 1043 3340 nemo
1059 3277 1156 3338 adime
1171 3275 1415 3339 animadvertisse
1430 3275 1553 3349 videtur,

387 3379 452 3443 lieet
470 3379 578 3444 indiein
598 3379 640 3442 rei
661 3379 734 3442 satis·
755 3380 910 3443 rtrnnilesta
932 3380 1038 3463 partim
1060 3379 1090 3442 in
1110 3379 1176 3442 Areo
1196 3397 1350 3442 sacrorum
1366 3379 1551 3460 peragendo-

387 3503 457 3548 rum
472 3482 579 3566 partim
600 3483 630 3546 in
653 3483 795 3546 Anlnrlosis
817 3485 854 3548 do
874 3503 978 3548 eonem
999 3481 1184 3547 institutione
1204 3482 1424 3546 narrationibus
1444 3483 1552 3564 depre-

388 3588 475 3654 lremli
491 3585 619 3672 possiut.
654 3587 728 3652 Nmu
744 3588 828 3651 loom
843 3597 907 3651 erat
923 3587 953 3652 iu
968 3609 1075 3670 earnpo
1086 3587 1190 3652 Alartio
1205 3587 1256 3672 spri
1268 3587 1447 3652 Tarentus
1464 3605 1553 3650 eirea·

387 3693 479 3770 haten,
494 3695 574 3777 ‹prtod
591 3711 701 3756 uiritim
717 3691 861 3757 Sabinum
877 3714 944 3756 esse
960 3713 1052 3777 «purtim
1068 3692 1115 3756 alii
1131 3701 1286 3767 testentur.
1308 3701 1370 3757 tum
1387 3692 1478 3756 l'arro
1488 3690 1553 3768 ω1,

389 3799 451 3881 ipse
466 3798 585 3862 natione
601 3796 738 3864 Sabinus.
753 3807 784 3860 et
798 3797 883 3862 cuius
898 3797 1078 3880 gentilicium
1092 3814 1205 3862 nomeu
1215 3796 1407 3862 Terentius
1421 3795 1553 3861 indidem

392 3953 468 3964 n·-
476 3955 609 3964 unns--o--a
633 3958 653 3964 --·

461 4070 499 4134 llil
518 4069 696 4124 viduasset.
711 4075 832 4144 Aglaopl.
846 4073 877 4126 11.
890 4091 912 4143 p.
926 4073 1070 4126 tut—tot.

460 4159 500 4220 ltl)
519 4158 557 4209 Ad
570 4157 667 4224 Vergil.
682 4159 736 4214 lio-l.
748 4159 791 4214 lV.
805 4177 829 4214 v.
844 4161 859 4212 ·l
872 4168 900 4215 et
914 4161 954 4212 10.

458 4243 500 4307 2111
518 4243 574 4296 Nisi
592 4245 647 4312 quis
662 4244 729 4300 loeta
741 4247 894 4301 Saturnia
911 4261 1021 4312 regas,
1038 4261 1063 4298 v.
1075 4245 1101 4310 u,
1113 4245 1249 4314 impmprie
1260 4245 1328 4297 elicta
1339 4245 1457 4312 aecipiat,
1473 4252 1503 4296 ut
1515 4244 1554 4296 iu-

392 4329 539 4394 telligautur
556 4345 651 4395 regna
668 4333 771 4400 qualia
790 4334 940 4404 quondan
959 4333 1017 4385 sab
1033 4333 1172 4384 Saturno
1190 4328 1333 4395 luerunt,
1351 4330 1413 4382 lioet
1428 4345 1494 4382 nune
1506 4345 1555 4382 uos

392 4415 438 4466 sub
450 4417 508 4480 loe,
525 4415 570 4466 sed
582 4416 629 4467 sub
640 4417 758 4486 Apolline
771 4421 855 4473 lutura
867 4421 927 4472 sint.
962 4419 1011 4472 list
1021 4420 1084 4470 laec
1096 4417 1219 4482 ll'sssaeri
1233 4415 1416 4485 interpretatio,
1428 4415 1454 4468 iu
1467 4415 1554 4469 Dium.

391 4499 484 4569 sotim.
504 4499 637 4564 (laeitselr.
653 4502 671 4554 1.
685 4503 709 4554 d.
719 4505 920 4570 Alterterlliu.)
932 4522 993 4558 san.
1005 4504 1067 4556 1811
1083 4521 1107 4574 p.
1121 4503 1171 4555 ’1311
1183 4507 1272 4553 eontra
1283 4500 1458 4554 adversarium
1470 4501 1555 4553 sendo

392 4601 464 4654 men
475 4586 598 4638 acerrime
610 4587 726 4652 dolense,
739 4606 819 4658 neque
830 4599 926 4654 tanen,
939 4607 995 4645 meo
1007 4591 1105 4659 quiden
1117 4588 1223 4653 indicis,
1236 4587 1299 4640 satis
1312 4585 1425 4655 probata.
1461 4587 1512 4639 Ser
1523 4589 1555 4639 ml

393 4663 503 4723 uostnn
514 4685 616 4722 reamur
629 4672 688 4725 ullll
701 4673 817 4740 intereat,
830 4669 888 4730 uteo
900 4677 973 4730 morlo
985 4675 1094 4742 veestttt
1105 4689 1197 4727 voram
1208 4671 1374 4741 recipiantur.

461 4753 503 4820 21)
522 4753 560 4808 ct.
572 4755 665 4811 Amol.
678 4759 736 4812 adv.
748 4767 817 4825 sent
829 4759 859 4825 ll,
870 4759 904 4812 13
917 4761 1000 4829 Mune
1012 4760 1070 4812 iatt.

461 4837 504 4905 2²)
522 4839 596 4909 Apud
608 4839 718 4895 merel.
729 4844 784 4896 liat.
797 4841 827 4909 ll,
842 4841 873 4894 u
885 4859 909 4912 p.
922 4843 982 4896 ⁴⁰³.
