3792 5609
944 793 1008 859 atu

396 1002 455 1068 que
478 979 697 1066 quinqueremis
722 989 826 1048 contra
847 1001 969 1049 omnem
988 984 1130 1050 historiae
1148 984 1236 1050 tidem
1256 993 1318 1050 tam
1336 996 1451 1054 remota
1468 994 1562 1052 aetate

396 1083 623 1152 Atheniensibus
648 1084 795 1161 tribuitur,
822 1103 919 1170 uupue
943 1087 1047 1152 eadem
1071 1087 1155 1152 naris
1178 1089 1263 1172 prius
1287 1097 1427 1173 tanquam
1452 1090 1562 1154 ineerta

397 1193 539 1276 quamlarn
558 1203 589 1254 et
605 1207 665 1253 una
685 1189 722 1252 de
736 1189 851 1266 nrultis,
870 1209 906 1256 ae
920 1191 1026 1255 deinde
1040 1191 1140 1256 subito
1155 1203 1294 1277 unquam
1309 1201 1379 1258 nota
1394 1203 1424 1257 et
1437 1195 1561 1277 proprio

396 1293 517 1360 nomine
532 1291 655 1374 insignis
671 1305 931 1359 commemoratur.
959 1295 1036 1360 Natu
1050 1295 1164 1360 articuli
1177 1295 1209 1358 in
1223 1297 1377 1361 emendata
1391 1297 1459 1362 loco
1474 1296 1564 1378 longe

397 1399 540 1463 diversata
556 1398 700 1462 rationem
714 1417 782 1462 esse
795 1407 926 1480 apparet.
957 1399 1197 1465 Comnrcmorato
1212 1400 1291 1463 enirn
1305 1401 1381 1464 testo
1395 1401 1562 1484 quinquen·

398 1503 455 1569 nali
476 1503 513 1568 ab
530 1501 760 1566 Atheniensibus
779 1503 815 1568 ad
832 1502 960 1568 Sunium
979 1504 1138 1581 celebrato,
1156 1503 1240 1568 suavis
1259 1523 1294 1568 ea
1311 1523 1369 1587 qua
1385 1504 1459 1570 vecti
1480 1513 1565 1570 eraut

398 1609 506 1672 lustum
526 1607 698 1672 celebraturi
717 1624 780 1671 non
799 1615 916 1690 poterat
933 1627 996 1672 non
1016 1628 1084 1673 cum
1103 1608 1227 1674 articulo
1246 1607 1329 1692 poni.
1365 1611 1447 1685 Quae
1465 1618 1564 1673 autem
1614 1613 1617 1617 '

399 1711 594 1777 dubitationes
617 1721 648 1776 et
666 1710 847 1776 obiectiones
867 1721 971 1778 contra
990 1713 1070 1776 illam
1089 1712 1326 1776 emendationem
1345 1714 1472 1777 lormsse
1490 1733 1565 1796 pno-

400 1817 467 1880 ierri
486 1817 619 1901 possint,
638 1825 717 1880 recto
736 1815 959 1882 aestimantibus
978 1815 1101 1880 leuiores
1121 1834 1227 1881 omnes
1247 1835 1303 1880 noc
1317 1816 1387 1880 tanti
1402 1836 1469 1880 esse
1483 1817 1564 1880 ride-

399 1921 520 1997 buntur,
534 1929 569 1985 ut
583 1919 781 2003 spernendam
795 1940 858 1984 earn
874 1939 944 2003 pirae
958 1930 1055 1984 vetere
1068 1919 1193 1984 lectione
1203 1922 1407 2007 pmrsuadeant
1430 1920 1564 1985 l'rimunr

401 2025 427 2090 si
442 2024 508 2108 quis
523 2045 590 2101 eos,
604 2025 655 2107 qui
669 2025 706 2088 ad
722 2025 829 2088 lustum
844 2043 906 2089 uon
921 2034 1101 2101 extraneum,
1115 2025 1167 2089 sed
1182 2025 1214 2090 in
1228 2026 1293 2108 ipsa
1307 2027 1401 2090 httica
1416 2025 1565 2090 celebran-

401 2131 473 2194 dunt
487 2129 753 2214 prottotseeeomue,
772 2127 905 2193 theeride
919 2129 999 2207 navi,
1015 2139 1049 2194 ut
1063 2130 1198 2206 theores,
1213 2131 1277 2194 sebi
1292 2129 1427 2214 potuisse
1439 2148 1565 2211 negare·

402 2235 455 2311 rit,
469 2235 547 2298 hanc
560 2252 618 2297 uos
634 2231 828 2297 obtectionem
843 2251 947 2296 ranam
963 2253 1029 2297 esse
1041 2253 1137 2315 neque
1150 2254 1186 2298 er
1199 2253 1245 2310 re,
1261 2235 1315 2298 scd
1329 2255 1365 2298 ex
1379 2232 1458 2298 inani
1473 2243 1504 2298 et
1516 2252 1565 2297 ar·

402 2339 519 2404 bitraria
534 2338 658 2422 «poariam
675 2337 815 2420 opinione
829 2337 946 2400 eluctata
962 2337 1220 2420 respondebimus.
1251 2336 1391 2411 Quamvis
1406 2337 1485 2400 enirn
1501 2337 1565 2400 tlte·

362 2455 382 2508 s
403 2443 448 2508 ori
463 2444 636 2527 plerumque
649 2442 685 2504 ad
701 2450 822 2504 esterna
839 2447 953 2504 tantum
966 2460 1053 2506 saera
1068 2440 1152 2505 missi
1168 2451 1448 2518 commemorentur,
1467 2450 1567 2505 tarraco

403 2547 429 2613 si
448 2567 509 2630 quo
524 2547 554 2610 iu
570 2544 681 2630 ttppltltt
696 2543 773 2607 intra
789 2542 884 2627 ipsius
901 2553 994 2609 terrae
1008 2545 1082 2608 linos
1097 2545 1156 2608 sito
1172 2546 1280 2608 bstunr
1295 2544 1412 2627 aliquod
1428 2545 1568 2628 agebatur

402 2671 464 2718 utin
485 2650 558 2715 stolis
574 2646 677 2732 oppidi
692 2647 756 2712 eius
771 2647 877 2712 ineolis
891 2647 1062 2732 proprium,
1079 2647 1131 2712 sed
1146 2647 1295 2732 publicum
1310 2657 1341 2712 et
1353 2649 1509 2714 uniuersae
1523 2649 1566 2714 ei-

403 2756 501 2821 sitatis
518 2753 640 2818 nomiae
656 2751 938 2829 concelelnanduna,
958 2744 1151 2838 dpptoaslde,
1170 2769 1233 2816 non
1248 2745 1445 2840 δημοτικόν,
1465 2753 1516 2836 qui
1530 2773 1567 2815 eo

403 2879 439 2925 ex
457 2860 533 2924 urbe
553 2877 570 2922 a
589 2877 622 2923 re
641 2856 755 2940 publica
776 2855 993 2938 delegebantur,
1012 2874 1074 2919 raon
1088 2856 1174 2920 rideo
1193 2874 1248 2920 cur
1264 2874 1327 2920 uon
1346 2866 1376 2920 et
1394 2857 1452 2939 ipsi
1471 2857 1567 2922 theoni

405 2964 475 3028 dieti
493 2961 662 3038 credantur,
682 2969 733 3025 aut
747 2979 879 3042 ‹ptronam
895 2959 952 3023 alio
968 2960 1173 3024 commodiore
1187 2959 1310 3023 nonnino
1324 2959 1464 3043 appellari
1478 2970 1568 3044 potu-

403 3067 489 3130 erint
519 3066 620 3147 Neque
635 3072 760 3128 testatur
773 3063 932 3147 quisquam
946 3083 964 3126 e
977 3063 1134 3138 ueteribus,
1148 3063 1288 3148 aecipite
1299 3081 1412 3126 nomen
1425 3082 1488 3127 non
1502 3085 1570 3128 esso

404 3168 461 3234 nisi
481 3167 518 3230 do
536 3165 587 3243 iis,
606 3167 657 3249 qui
673 3167 710 3229 ad
724 3176 843 3230 extenn
858 3184 941 3230 sacra
953 3165 1153 3246 mitterentur,
1173 3175 1362 3248 usurpatunm
1382 3167 1466 3230 multi
1481 3186 1570 3250 paror·

403 3291 456 3336 sus
476 3269 650 3352 generaliter·
668 3262 820 3354 θεωροὺς
834 3268 935 3332 dicunt
948 3264 1027 3346 τοῦς
1041 3260 1091 3345 εἷς
1102 3264 1207 3344 θεοὺς
1220 3264 1458 3352 πεμπομένους
1477 3271 1570 3349 (llar-

404 3394 487 3460 pocr.
498 3376 578 3452 stt),
589 3382 640 3437 aut
648 3367 726 3449 rods
735 3371 808 3449 τοῖς
818 3369 916 3448 θεοῖς
925 3366 986 3448 τὰς
997 3361 1191 3455 inceptet)
1204 3363 1397 3457 ἀπάγοντας
1409 3374 1572 3455 utendo),
1657 3365 1660 3372 ’

404 3491 455 3546 aut
465 3473 544 3557 τοῦς
555 3469 793 3561 πεμπομένους
803 3470 911 3540 aiom
921 3468 981 3538 καὶ
990 3471 1204 3559 θεραπεῦσαι
1216 3471 1276 3540 τὸν
1285 3470 1368 3540 θεόν
1380 3477 1485 3558 (schol.
1497 3477 1570 3541 Plat.

404 3584 512 3652 l‘baed.
528 3582 597 3662 im),
618 3589 670 3647 aut
685 3574 764 3654 rode
781 3575 843 3666 cair
860 3569 987 3644 ducier
1002 3569 1196 3664 ἀπάγοντας
1210 3571 1260 3658 εἰς
1272 3573 1312 3643 τὸ
1329 3570 1419 3665 iepdr
1433 3576 1518 3667 πρὸς
1531 3576 1571 3645 cd

405 3683 516 3752 dioec
531 3681 590 3751 atui
603 3682 817 3772 θεραπεῦσαι
830 3678 890 3749 τὸν
903 3675 988 3748 θεόν
1007 3683 1131 3766 (Thom.
1146 3685 1213 3762 bl).
1246 3684 1306 3748 Cur
1320 3694 1418 3747 autern
1433 3683 1499 3748 nasi
1514 3704 1572 3767 po·

408 3791 466 3856 tius
487 3789 582 3854 theeri
600 3809 637 3854 ex
656 3789 730 3853 urhe
746 3787 873 3852 Sunium
893 3807 984 3871 (puram
1003 3787 1131 3870 pedibus
1146 3787 1265 3864 inerim,
1285 3786 1394 3870 siquis
1409 3787 1465 3850 sibi
1480 3789 1572 3852 ratio-

407 3913 476 3958 nern
490 3894 571 3958 reddi
587 3893 724 3976 postulet,
738 3892 788 3956 lric
801 3911 871 3955 eatur
885 3892 1034 3955 veteribus
1048 3891 1104 3954 ibis
1119 3883 1327 3969 ἐνστατικοῖς
1340 3901 1463 3981 ‹puuerat
1476 3891 1574 3968 edatn,

408 4015 462 4061 cnr
487 3997 564 4081 apnud
590 3996 753 4062 llonrerurn
779 3995 899 4078 Ulpsses
924 3996 962 4060 ad
987 3993 1143 4078 piacularia
1169 4013 1254 4058 sacra
1272 3993 1401 4076 hpolliui
1423 3996 1574 4059 ollerenda

408 4103 549 4184 tilrrpsun
569 4100 636 4166 nari
654 4101 785 4176 uebatur,
804 4118 865 4182 quo
885 4099 956 4162 item
974 4098 1100 4183 pedibus
1120 4095 1265 4180 perueniri
1285 4096 1424 4180 potuerit.
1458 4096 1576 4160 Scilicet

409 4205 596 4268 conrorodius
622 4204 701 4268 haud
723 4203 812 4268 dubie
830 4203 933 4268 navale
951 4222 1042 4286 mam
1061 4210 1199 4266 terrestre
1217 4201 1275 4265 iter
1294 4201 1365 4277 luit,
1389 4210 1420 4264 et
1437 4199 1574 4264 fortassis

410 4305 498 4372 etiam
524 4307 562 4370 ad
586 4307 730 4372 rationem
750 4307 906 4372 Suniensis
926 4307 1004 4372 illius
1024 4306 1089 4371 sesti
1108 4303 1341 4370 convenientius.
1386 4304 1575 4387 Quamquam

409 4403 471 4476 boe
489 4409 587 4492 ipsum
606 4410 756 4494 epmdmm
775 4411 863 4475 suerit
881 4429 939 4494 pro
959 4419 1040 4476 certo
1059 4407 1117 4474 dici
1136 4426 1200 4473 non
1214 4415 1322 4492 potest.
1355 4406 1417 4472 Nec
1429 4426 1502 4471 saue
1516 4406 1576 4491 mi·

410 4531 480 4579 rum
499 4511 530 4577 iu
551 4521 631 4578 tanta
649 4515 793 4578 festorum
812 4513 979 4580 htticorum.
997 4513 1202 4589 muldtudine,
1222 4529 1301 4594 quae
1319 4510 1411 4594 duplo
1430 4511 1516 4595 plura
1534 4508 1575 4573 ihi

417 4702 712 4716 -n-—n--w--u-n

481 4837 507 4906 b)
525 4837 563 4894 lis
573 4838 621 4892 hac
632 4843 696 4894 u'oce
707 4837 741 4892 cl.
752 4855 840 4896 eorum.
852 4841 885 4896 at
895 4840 960 4896 lare.
972 4840 1063 4913 pata
1107 4813 1110 4818 Ι
